<?xml version="1.0" encoding="UTF-8"?>
<collection xmlns:marc="http://www.loc.gov/MARC21/slim"
            xmlns:xsi="http://www.w3.org/2001/XMLSchema-instance"
            xmlns:olac="http://www.language-archives.org/OLAC/1.1/"
            xmlns="http://www.loc.gov/MARC21/slim"
            xsi:schemaLocation="http://www.loc.gov/MARC21/slim http://www.loc.gov/standards/marcxml/schema/MARC21slim.xsd">
   <marc:record>
      <marc:leader>     nmm a22     3i 4500</marc:leader>
      <marc:controlfield tag="006">m     o  u        </marc:controlfield>
      <marc:controlfield tag="007">cu ||||||u||||</marc:controlfield>
      <marc:controlfield tag="008">      s2000    pau        u        mul d</marc:controlfield>
      <marc:datafield tag="020" ind1=" " ind2=" ">
         <marc:subfield code="a">1585631647</marc:subfield>
      </marc:datafield>
      <marc:datafield tag="024" ind1="8" ind2=" ">
         <marc:subfield code="a">LDC2000S85</marc:subfield>
      </marc:datafield>
      <marc:datafield tag="024" ind1="8" ind2=" ">
         <marc:subfield code="a">ISLRN: 407-731-819-668-4</marc:subfield>
      </marc:datafield>
      <marc:datafield tag="042" ind1=" " ind2=" ">
         <marc:subfield code="a">dc</marc:subfield>
      </marc:datafield>
      <marc:datafield tag="245" ind1="0" ind2="0">
         <marc:subfield code="a">Santa Barbara Corpus of Spoken American English Part I</marc:subfield>
      </marc:datafield>
      <marc:datafield tag="264" ind1=" " ind2=" ">
         <marc:subfield code="a">[Philadelphia, Pennsylvania]: </marc:subfield>
         <marc:subfield code="b">Linguistic Data Consortium, </marc:subfield>
         <marc:subfield code="c">[2000]</marc:subfield>
      </marc:datafield>
      <marc:datafield tag="500" ind1=" " ind2=" ">
         <marc:subfield code="a">LDC2000S85</marc:subfield>
      </marc:datafield>
      <marc:datafield tag="500" ind1=" " ind2=" ">
         <marc:subfield code="a">https://catalog.ldc.upenn.edu/LDC2000S85</marc:subfield>
      </marc:datafield>
      <marc:datafield tag="520" ind1=" " ind2=" ">
         <marc:subfield code="a">*Introduction* The Santa Barbara Corpus of Spoken American English is based on hundreds of recordings of natural speech from all over the United States, representing a wide variety of people of different regional origins, ages, occupations, and ethnic and social backgrounds. It reflects many ways that people use language in their lives: conversation, gossip, arguments, on-the-job talk, card games, city council meetings, sales pitches, classroom lectures, political speeches, bedtime stories, sermons, weddings, and more. *Data* Part I contains 14 speech files of between 15-30 minutes each, from the Santa Barbara Corpus of Spoken American English. Collected by: University of California, Santa Barbara Center for the Study of Discourse, Director John W. Du Bois (UCSB), Associate Editors: Wallace L. Chafe (UCSB), Charlese Meyer (UMass, Boston), and Sandra A. Thompson (UCSB). The Santa Barbara Corpus of Spoken American English is part of the International Corpus of English (Charles W. Meyer, Director), representing the American Component. Each speech file is accompanied by a transcript in which phrases are time stamped with respect to the audio recording. Personal names, place names, phone numbers, etc., in the transcripts have been altered to preserve the anonymity of the speakers and their acquaintances and the audio files have been filtered to make these portions of the recordings unrecognizable. *Samples* For an example of the data in this corpus, please examine these samples of the recordings and transcripts: * Speech * Transcripts *Updates* There are no updates at this time.</marc:subfield>
      </marc:datafield>
      <marc:datafield tag="546" ind1=" " ind2=" ">
         <marc:subfield code="a">English</marc:subfield>
      </marc:datafield>
      <marc:datafield tag="655" ind1="7" ind2=" ">
         <marc:subfield code="a">Sound</marc:subfield>
         <marc:subfield code="2">DCMI Type</marc:subfield>
      </marc:datafield>
      <marc:datafield tag="700" ind1="1" ind2="0">
         <marc:subfield code="a">Du Bois, John W.</marc:subfield>
      </marc:datafield>
      <marc:datafield tag="700" ind1="1" ind2="0">
         <marc:subfield code="a">Chafe, Wallace L.</marc:subfield>
      </marc:datafield>
      <marc:datafield tag="700" ind1="1" ind2="0">
         <marc:subfield code="a">Meyer, Charles</marc:subfield>
      </marc:datafield>
      <marc:datafield tag="700" ind1="1" ind2="0">
         <marc:subfield code="a">Thompson, Sandra A.</marc:subfield>
      </marc:datafield>
   </marc:record>