
   <marc:record>
      <marc:leader>     nmm a22     3i 4500</marc:leader>
      <marc:controlfield tag="006">m     o  u        </marc:controlfield>
      <marc:controlfield tag="007">cu ||||||u||||</marc:controlfield>
      <marc:controlfield tag="008">      s2000    pau        u        mul d</marc:controlfield>
      <marc:datafield tag="020" ind1=" " ind2=" ">
         <marc:subfield code="a">1585631736</marc:subfield>
      </marc:datafield>
      <marc:datafield tag="024" ind1="8" ind2=" ">
         <marc:subfield code="a">LDC2000S87</marc:subfield>
      </marc:datafield>
      <marc:datafield tag="024" ind1="8" ind2=" ">
         <marc:subfield code="a">ISLRN: 884-501-625-360-2</marc:subfield>
      </marc:datafield>
      <marc:datafield tag="042" ind1=" " ind2=" ">
         <marc:subfield code="a">dc</marc:subfield>
      </marc:datafield>
      <marc:datafield tag="245" ind1="0" ind2="0">
         <marc:subfield code="a">Speech in Noisy Environments (SPINE) Training Audio</marc:subfield>
      </marc:datafield>
      <marc:datafield tag="264" ind1=" " ind2=" ">
         <marc:subfield code="a">[Philadelphia, Pennsylvania]: </marc:subfield>
         <marc:subfield code="b">Linguistic Data Consortium, </marc:subfield>
         <marc:subfield code="c">[2000]</marc:subfield>
      </marc:datafield>
      <marc:datafield tag="500" ind1=" " ind2=" ">
         <marc:subfield code="a">LDC2000S87</marc:subfield>
      </marc:datafield>
      <marc:datafield tag="500" ind1=" " ind2=" ">
         <marc:subfield code="a">https://catalog.ldc.upenn.edu/LDC2000S87</marc:subfield>
      </marc:datafield>
      <marc:datafield tag="520" ind1=" " ind2=" ">
         <marc:subfield code="a">*Introduction* This publication contains the Speech in Noisy Environments (SPINE) Training Audio Corpus created for the Department of Defense (DoD) Digital Voice Processing Consortium (DDVPC) by Arcon Corp., and produced by the Linguistic Data Consortium (LDC) catalog number LDC2000S87, ISBN 1-58563-173-6. A companion corpus, Speech in Noisy Environments (SPINE) Training Transcripts, was also produced by the Linguistic Data Consortium (LDC) catalog number LDC2000T49 and ISBN 1-58563-174-4. These corpora support the 2000 Speech in Noisy Environments (SPINE1) evaluation. The 2000 Speech in Noisy Environments Evaluation (SPINE1) is a first attempt to assess the state of the art and practice in speech recognition technology in noisy military environments and to exchange information on innovative speech recognition technology in the context of fully implemented systems that perform realistic tasks. It is intended to be of interest to all university, industrial and commercial speech system developers working on the problem of robust speech recognition. The evaluation gives participants the opportunity to participate in a flexible evaluation, suited to development needs and abilities. The SPINE1 evaluation focuses on the task of transcribing speech produced in noisy environments with emphasis on noisy military environments. The evaluation is designed to promote research progress in this area, to provide the opportunity for participants to try out new ideas for developing robust speech recognition systems that are of both scientific and practical interest, and to measure the performance of this technology. More information on this evaluation is available at SPINE1. This work was sponsored in part by National Science Foundation Grant No. IIS-9982201. The transcripts for this release are available as Speech in Noisy Environments (SPINE) Training Transcripts (LDC2000T49) *Data* The evaluation task is to transcribe speech produced in noisy environments. The training and test speech data to be used for this evaluation were generated by ARCON Corp. for the DoD Digital Voice Processing Consortium (DDVPC) under controlled conditions. The speech data consists of conversations between two communicators working on a collaborative, Battleship-like task in which they seek and shoot at targets (ARCON Communicability Exercise, ACE). Participants may talk freely, but the total vocabulary used is fairly limited. Each person is seated in a sound chamber in which a previously recorded military background noise environment is accurately reproduced. The participants use handsets and transmission channels that are resident to the particular environment. The training data includes 10 of twenty available talker pairs with 14 five-minute conversations per talker pair (about 720 minutes total), which include four noise scenarios. *Samples* For an example of the data contained in this corpus, please listen to this audio sample. *Updates* There are no updates at this time.</marc:subfield>
      </marc:datafield>
      <marc:datafield tag="546" ind1=" " ind2=" ">
         <marc:subfield code="a">English</marc:subfield>
      </marc:datafield>
      <marc:datafield tag="655" ind1="7" ind2=" ">
         <marc:subfield code="a">Sound</marc:subfield>
         <marc:subfield code="2">DCMI Type</marc:subfield>
      </marc:datafield>
      <marc:datafield tag="700" ind1="1" ind2="0">
         <marc:subfield code="a">Schmidt-Nielsen, Astrid</marc:subfield>
      </marc:datafield>
      <marc:datafield tag="700" ind1="1" ind2="0">
         <marc:subfield code="a">Marsh, Elaine</marc:subfield>
      </marc:datafield>
      <marc:datafield tag="700" ind1="1" ind2="0">
         <marc:subfield code="a">Tardelli, John</marc:subfield>
      </marc:datafield>
      <marc:datafield tag="700" ind1="1" ind2="0">
         <marc:subfield code="a">Gatewood, Paul</marc:subfield>
      </marc:datafield>
      <marc:datafield tag="700" ind1="1" ind2="0">
         <marc:subfield code="a">Kreamer, Elizabeth</marc:subfield>
      </marc:datafield>
      <marc:datafield tag="700" ind1="1" ind2="0">
         <marc:subfield code="a">Tremain, Thomas</marc:subfield>
      </marc:datafield>
      <marc:datafield tag="700" ind1="1" ind2="0">
         <marc:subfield code="a">Cieri, Christopher</marc:subfield>
      </marc:datafield>
      <marc:datafield tag="700" ind1="1" ind2="0">
         <marc:subfield code="a">Wright, Jonathan</marc:subfield>
      </marc:datafield>
   </marc:record>