
   <marc:record>
      <marc:leader>     nmm a22     3i 4500</marc:leader>
      <marc:controlfield tag="006">m     o  u        </marc:controlfield>
      <marc:controlfield tag="007">cu ||||||u||||</marc:controlfield>
      <marc:controlfield tag="008">      s2000    pau        u        mul d</marc:controlfield>
      <marc:datafield tag="020" ind1=" " ind2=" ">
         <marc:subfield code="a">1585631698</marc:subfield>
      </marc:datafield>
      <marc:datafield tag="024" ind1="8" ind2=" ">
         <marc:subfield code="a">LDC2000T46</marc:subfield>
      </marc:datafield>
      <marc:datafield tag="024" ind1="8" ind2=" ">
         <marc:subfield code="a">ISLRN: 820-981-482-765-8</marc:subfield>
      </marc:datafield>
      <marc:datafield tag="042" ind1=" " ind2=" ">
         <marc:subfield code="a">dc</marc:subfield>
      </marc:datafield>
      <marc:datafield tag="245" ind1="0" ind2="0">
         <marc:subfield code="a">Hong Kong News Parallel Text</marc:subfield>
      </marc:datafield>
      <marc:datafield tag="264" ind1=" " ind2=" ">
         <marc:subfield code="a">[Philadelphia, Pennsylvania]: </marc:subfield>
         <marc:subfield code="b">Linguistic Data Consortium, </marc:subfield>
         <marc:subfield code="c">[2000]</marc:subfield>
      </marc:datafield>
      <marc:datafield tag="500" ind1=" " ind2=" ">
         <marc:subfield code="a">LDC2000T46</marc:subfield>
      </marc:datafield>
      <marc:datafield tag="500" ind1=" " ind2=" ">
         <marc:subfield code="a">https://catalog.ldc.upenn.edu/LDC2000T46</marc:subfield>
      </marc:datafield>
      <marc:datafield tag="520" ind1=" " ind2=" ">
         <marc:subfield code="a">*Introduction* Hong Kong News Parallel Text was developed by the Linguistic Data Consortium (LDC) and consists of parallel Chinese - English news articles from the Information Services Department of Hong Kong Special Administrative Region (HKSAR) of the Peoples Republic of China. LDC wishes to thank the Hong Kong Special Administrative Region of the Peoples Republic of China for granting the LDC permission to distribute this data to the research community. *Data* This corpora contains 18,147 aligned article pairs released by HKSAR from July 1, 1997 to April 30, 2000. Automatic article alignment was done at the LDC. The data directory contains 36,294 articles. Each article is a separate file, thus there are 18,147 article pairs. The files are named using the convention yyyymmdd_nnn.[ce] where * yyyy = year * mm = month * dd = date * nnn = article date sequence number * c = Cantonese, and e = English. The example.c and example.e files contains a corresponding sample news article from the corpus. The articles were collected by an automated system from the internet. Incoming data was spooled directly to a raw collection file and the raw files were then processed to produce the following format for release by the LDC. Table.txt maps the Chinese files (*.c) to the corresponding English files (*.e). The Chinese files are encoded in BIG5 with user-defined characters by HKSAR. Click here for details. *Copying and Distribution* Permission has been granted to the Linguistic Data Consortium to make and distribute copies of the laws, press releases and news of Hong Kong Special Administrative Region provided that this copyright notice and the following permission notice are distributed with all copies. Permission has been given to the Linguistic Data Consortium reproduce the laws, press releases, and/or news articles from the Hong Kong Special Administrative Region Government website for research, education and technology development. *Updates* There are no updates at this time. *Additional Licensing Instructions* This 'members-only' corpora is available to current members who can request the data at the listed reduced-license fee. Contact ldc@ldc.upenn.edu for information about becoming a member.</marc:subfield>
      </marc:datafield>
      <marc:datafield tag="546" ind1=" " ind2=" ">
         <marc:subfield code="a">English</marc:subfield>
      </marc:datafield>
      <marc:datafield tag="546" ind1=" " ind2=" ">
         <marc:subfield code="a">Chinese</marc:subfield>
      </marc:datafield>
      <marc:datafield tag="655" ind1="7" ind2=" ">
         <marc:subfield code="a">Text</marc:subfield>
         <marc:subfield code="2">DCMI Type</marc:subfield>
      </marc:datafield>
      <marc:datafield tag="700" ind1="1" ind2="0">
         <marc:subfield code="a">Ma, Xiaoyi</marc:subfield>
      </marc:datafield>
   </marc:record>