
   <marc:record>
      <marc:leader>     nmm a22     3i 4500</marc:leader>
      <marc:controlfield tag="006">m     o  u        </marc:controlfield>
      <marc:controlfield tag="007">cu ||||||u||||</marc:controlfield>
      <marc:controlfield tag="008">      s2001    pau        u        mul d</marc:controlfield>
      <marc:datafield tag="024" ind1="8" ind2=" ">
         <marc:subfield code="a">LDC2001S94</marc:subfield>
      </marc:datafield>
      <marc:datafield tag="024" ind1="8" ind2=" ">
         <marc:subfield code="a">ISLRN: 268-739-703-464-3</marc:subfield>
      </marc:datafield>
      <marc:datafield tag="042" ind1=" " ind2=" ">
         <marc:subfield code="a">dc</marc:subfield>
      </marc:datafield>
      <marc:datafield tag="245" ind1="0" ind2="0">
         <marc:subfield code="a">TDT3 English Audio</marc:subfield>
      </marc:datafield>
      <marc:datafield tag="264" ind1=" " ind2=" ">
         <marc:subfield code="a">[Philadelphia, Pennsylvania]: </marc:subfield>
         <marc:subfield code="b">Linguistic Data Consortium, </marc:subfield>
         <marc:subfield code="c">[2001]</marc:subfield>
      </marc:datafield>
      <marc:datafield tag="500" ind1=" " ind2=" ">
         <marc:subfield code="a">LDC2001S94</marc:subfield>
      </marc:datafield>
      <marc:datafield tag="500" ind1=" " ind2=" ">
         <marc:subfield code="a">https://catalog.ldc.upenn.edu/LDC2001S94</marc:subfield>
      </marc:datafield>
      <marc:datafield tag="520" ind1=" " ind2=" ">
         <marc:subfield code="a">PRICING: 2001 Commercial Members: $0 2001 Non-Profit Members: $1,100 Non-Members: $11,000 *Introduction* Topic Detection and Tracking (TDT) refers to automatic techniques for finding topically related material in streams of data such as newswire and broadcast news. The TDT3 corpus was created to support three TDT3 tasks: find topically homogeneous sections (segmentation), detect the occurrence of new events (detection), and track the reoccurrence of old or new events (tracking). The goal of Topic Detection and Tracking - Phase 3 (TDT3) is to create core technology to monitor multiple streams of news in multiple languages and media (newswire, radio, television, web sites or some future combination or innovation), segmenting the streams into individual stories, detecting new topics and tracking all stories discussing them. In additional to the TDT2 tasks of segmentation, detection and tracking, TDT3 adds the tasks of first story detection and story-link detection. The goal of the latter is to detect links between stories that discuss the same topic even though the topic has not been defined in advance. *Data* The TDT3 English Audio Corpus contains the audio (in compressed sphere format) of news broadcasts collected daily from six news sources in American English, over a three-month collection period (October - December 1998). The sources and amounts are as follows: Sources Hours CDs ------------------------------------------------------------------ CNN_HDL Cable News Network, "Headline News" 174.6 19 ABC_WNT American Broadcasting Co., "World News Tonight" 38.6 5 NBC_NNW National Broadcasting Co., "NBC Nightly News" 44.6 6 MNB_NBW MS-NBC, "News with Brian Williams" 51.8 6 PRI_TWD Public Radio International, "The World" 63.9 7 VOA_ENG Voice of America, English news programs 102.2 12 Total 475.7 55 The files in this publication are complete single-channel recordings of the (30 or 60-minute) broadcasts listed above. Each one has been digitized at a sample rate of 16 KHz using 16-bit samples, and compressed using the "shorten" algorithm. (The audio CD-ROMs are grouped into subsets by broadcast source and the LDC will support the option of purchasing one or more subsets, e.g. just the ABC data. We regret that we cannot provide "customized" subsets.) Tools for decompression can be found here. *Updates* There are no updates at this time.</marc:subfield>
      </marc:datafield>
      <marc:datafield tag="546" ind1=" " ind2=" ">
         <marc:subfield code="a">English</marc:subfield>
      </marc:datafield>
      <marc:datafield tag="655" ind1="7" ind2=" ">
         <marc:subfield code="a">Sound</marc:subfield>
         <marc:subfield code="2">DCMI Type</marc:subfield>
      </marc:datafield>
      <marc:datafield tag="700" ind1="1" ind2="0">
         <marc:subfield code="a">Graff, David</marc:subfield>
      </marc:datafield>
   </marc:record>