
   <marc:record>
      <marc:leader>     nmm a22     3i 4500</marc:leader>
      <marc:controlfield tag="006">m     o  u        </marc:controlfield>
      <marc:controlfield tag="007">cu ||||||u||||</marc:controlfield>
      <marc:controlfield tag="008">      s2001    pau        u        mul d</marc:controlfield>
      <marc:datafield tag="020" ind1=" " ind2=" ">
         <marc:subfield code="a">1585632074</marc:subfield>
      </marc:datafield>
      <marc:datafield tag="024" ind1="8" ind2=" ">
         <marc:subfield code="a">LDC2001T05</marc:subfield>
      </marc:datafield>
      <marc:datafield tag="024" ind1="8" ind2=" ">
         <marc:subfield code="a">ISLRN: 525-834-904-967-7</marc:subfield>
      </marc:datafield>
      <marc:datafield tag="042" ind1=" " ind2=" ">
         <marc:subfield code="a">dc</marc:subfield>
      </marc:datafield>
      <marc:datafield tag="245" ind1="0" ind2="0">
         <marc:subfield code="a">Speech in Noisy Environments (SPINE2) Part 1 Transcripts</marc:subfield>
      </marc:datafield>
      <marc:datafield tag="264" ind1=" " ind2=" ">
         <marc:subfield code="a">[Philadelphia, Pennsylvania]: </marc:subfield>
         <marc:subfield code="b">Linguistic Data Consortium, </marc:subfield>
         <marc:subfield code="c">[2001]</marc:subfield>
      </marc:datafield>
      <marc:datafield tag="500" ind1=" " ind2=" ">
         <marc:subfield code="a">LDC2001T05</marc:subfield>
      </marc:datafield>
      <marc:datafield tag="500" ind1=" " ind2=" ">
         <marc:subfield code="a">https://catalog.ldc.upenn.edu/LDC2001T05</marc:subfield>
      </marc:datafield>
      <marc:datafield tag="520" ind1=" " ind2=" ">
         <marc:subfield code="a">*Introduction* This corpus was used as part of the training set for the Second Speech in Noisy Environments Evaluation (SPINE2). SPINE2 provides a continuing forum for assessing the state of the art and practice in speech recognition technology for noisy military environments and for exchanging information on innovative speech recognition technology in the context of fully implemented systems that perform realistic tasks. The evaluation will provide researchers, potential sponsors, and customers with a quantitative means to appreciate the strengths and weaknesses of the technologies. Also, the results reported on will invite customer interest in the potential utility of the technologies. More information on this evaluation is available here. This work was sponsored in part by National Science Foundation Grant No. ISS-9982201. *Data* This publication contains the Speech in Noisy Environments 2 (SPINE2) Training Transcripts, created for the Department of Defense (DoD) Digital Voice Processing Consortium (DDVPC) by Arcon Corp., and produced by the Linguistic Data Consortium (LDC) as catalog number LDC2001T05 with ISBN 1-58563-207-4. For an example transcript, please click here. The audio for this publication is available as Speech in Noisy Environments (SPINE2) Training Audio LDC2001S04, ISBN 1-58563-206-6. These corpora support the 2001 Speech in Noisy Environments evaluation. The training data comprises two talker pairs (four speakers total) with 32 conversations (sessions) per talker pair (64 conversations total). The audio for each session is presented in three forms: * Unprocessed: the signal recorded at the participant's microphone * Bitstream: the compressed "channel" data produced by the vocoder's analysis stage for transmission from sender to receiver * Processed: the signal produced by the vocoder's synthesis stage, given the bitstream data as input. There are a total of 64 clean audio files and 64 vocoded files, one "game" each, for a rough total of seven hours of audio data, 1.6Gb (including the unprocessed, the processed, and the bitstream files), 20,850 total tokens (730 unique tokens). *Updates* There are no updates at this time.</marc:subfield>
      </marc:datafield>
      <marc:datafield tag="546" ind1=" " ind2=" ">
         <marc:subfield code="a">English</marc:subfield>
      </marc:datafield>
      <marc:datafield tag="655" ind1="7" ind2=" ">
         <marc:subfield code="a">Text</marc:subfield>
         <marc:subfield code="2">DCMI Type</marc:subfield>
      </marc:datafield>
      <marc:datafield tag="700" ind1="1" ind2="0">
         <marc:subfield code="a">Gatewood, Paul</marc:subfield>
      </marc:datafield>
      <marc:datafield tag="700" ind1="1" ind2="0">
         <marc:subfield code="a">Kreamer, Elizabeth</marc:subfield>
      </marc:datafield>
      <marc:datafield tag="700" ind1="1" ind2="0">
         <marc:subfield code="a">Tremain, Thomas</marc:subfield>
      </marc:datafield>
      <marc:datafield tag="700" ind1="1" ind2="0">
         <marc:subfield code="a">Schmidt-Neilsen, Astrid</marc:subfield>
      </marc:datafield>
      <marc:datafield tag="700" ind1="1" ind2="0">
         <marc:subfield code="a">Marsh, Elaine</marc:subfield>
      </marc:datafield>
      <marc:datafield tag="700" ind1="1" ind2="0">
         <marc:subfield code="a">Tardelli, John</marc:subfield>
      </marc:datafield>
      <marc:datafield tag="700" ind1="1" ind2="0">
         <marc:subfield code="a">Cieri, Christopher</marc:subfield>
      </marc:datafield>
      <marc:datafield tag="700" ind1="1" ind2="0">
         <marc:subfield code="a">Strassel, Stephanie</marc:subfield>
      </marc:datafield>
      <marc:datafield tag="700" ind1="1" ind2="0">
         <marc:subfield code="a">Martey, Nii</marc:subfield>
      </marc:datafield>
      <marc:datafield tag="700" ind1="1" ind2="0">
         <marc:subfield code="a">Graff, David</marc:subfield>
      </marc:datafield>
      <marc:datafield tag="700" ind1="1" ind2="0">
         <marc:subfield code="a">Tofan, Cristina</marc:subfield>
      </marc:datafield>
   </marc:record>