
   <marc:record>
      <marc:leader>     nmm a22     3i 4500</marc:leader>
      <marc:controlfield tag="006">m     o  u        </marc:controlfield>
      <marc:controlfield tag="007">cu ||||||u||||</marc:controlfield>
      <marc:controlfield tag="008">      s2013    pau        u        mul d</marc:controlfield>
      <marc:datafield tag="020" ind1=" " ind2=" ">
         <marc:subfield code="a">1585636487</marc:subfield>
      </marc:datafield>
      <marc:datafield tag="024" ind1="8" ind2=" ">
         <marc:subfield code="a">LDC2013T13</marc:subfield>
      </marc:datafield>
      <marc:datafield tag="024" ind1="8" ind2=" ">
         <marc:subfield code="a">ISLRN: 460-638-744-650-2</marc:subfield>
      </marc:datafield>
      <marc:datafield tag="042" ind1=" " ind2=" ">
         <marc:subfield code="a">dc</marc:subfield>
      </marc:datafield>
      <marc:datafield tag="245" ind1="0" ind2="0">
         <marc:subfield code="a">Chinese Proposition Bank 3.0</marc:subfield>
      </marc:datafield>
      <marc:datafield tag="264" ind1=" " ind2=" ">
         <marc:subfield code="a">[Philadelphia, Pennsylvania]: </marc:subfield>
         <marc:subfield code="b">Linguistic Data Consortium, </marc:subfield>
         <marc:subfield code="c">[2013]</marc:subfield>
      </marc:datafield>
      <marc:datafield tag="500" ind1=" " ind2=" ">
         <marc:subfield code="a">LDC2013T13</marc:subfield>
      </marc:datafield>
      <marc:datafield tag="500" ind1=" " ind2=" ">
         <marc:subfield code="a">https://catalog.ldc.upenn.edu/LDC2013T13</marc:subfield>
      </marc:datafield>
      <marc:datafield tag="520" ind1=" " ind2=" ">
         <marc:subfield code="a">Chinese Proposition Bank 3.0 is a continuation of the Chinese Proposition Bank project which aims to create a corpus of text annotated with information about basic semantic propositions. Chinese Proposition Bank 3.0 adds predicate-argument annotation on 187,731 words from Chinese Treebank 7.0 (LDC2010T07). The data sources are comprised of newswire, magazine articles, various broadcast news and broadcast conversation programming, web newsgroups and weblogs. LDC has also released Chinese Proposition Bank 1.0 (LDC2005T23) and Chinese Proposition Bank 2.0 (LDC2008T07). *Data* This release contains the predicate-argument annotation of 173,206 verb instances and 14,525 noun instances. The annotation of nouns is limited to nominalizations that have a corresponding verb. The general annotation guidelines and the lexical guidelines (called frame files) for each verbal and nominal predicate are also included in this release. Below are some statistics about the corpus. * Total propositions for verbs - 173,206 * Total propositions for nouns - 14,525 * Total verbs framed - 24,642 * Total framesets - 26,467 * Verbs with multiple framesets - 1337 * Average framesets per verb - 1.07 * Total nouns framed - 1,421 * Total noun framesets - 1,528 * Nouns with multiple framesets - 48 * Average framesets per nouns - 1.08 *Samples* Please view the following samples. * Noun Sample * Verb Sample * XML Sample *Updates* None at this time.</marc:subfield>
      </marc:datafield>
      <marc:datafield tag="546" ind1=" " ind2=" ">
         <marc:subfield code="a">Mandarin Chinese</marc:subfield>
      </marc:datafield>
      <marc:datafield tag="655" ind1="7" ind2=" ">
         <marc:subfield code="a">Text</marc:subfield>
         <marc:subfield code="2">DCMI Type</marc:subfield>
      </marc:datafield>
      <marc:datafield tag="700" ind1="1" ind2="0">
         <marc:subfield code="a">Xue, Nianwen</marc:subfield>
      </marc:datafield>
      <marc:datafield tag="700" ind1="1" ind2="0">
         <marc:subfield code="a">Bai, Xiaopeng</marc:subfield>
      </marc:datafield>
      <marc:datafield tag="700" ind1="1" ind2="0">
         <marc:subfield code="a">Lu, Jill</marc:subfield>
      </marc:datafield>
      <marc:datafield tag="700" ind1="1" ind2="0">
         <marc:subfield code="a">Zhang, Jennifer</marc:subfield>
      </marc:datafield>
      <marc:datafield tag="700" ind1="1" ind2="0">
         <marc:subfield code="a">Palmer, Martha</marc:subfield>
      </marc:datafield>
      <marc:datafield tag="700" ind1="1" ind2="0">
         <marc:subfield code="a">Chang, Meiyu</marc:subfield>
      </marc:datafield>
      <marc:datafield tag="700" ind1="1" ind2="0">
         <marc:subfield code="a">Zhong, Hua</marc:subfield>
      </marc:datafield>
   </marc:record>