
   <marc:record>
      <marc:leader>     nmm a22     3i 4500</marc:leader>
      <marc:controlfield tag="006">m     o  u        </marc:controlfield>
      <marc:controlfield tag="007">cu ||||||u||||</marc:controlfield>
      <marc:controlfield tag="008">      s2001    pau        u        mul d</marc:controlfield>
      <marc:datafield tag="020" ind1=" " ind2=" ">
         <marc:subfield code="a">1585631965</marc:subfield>
      </marc:datafield>
      <marc:datafield tag="024" ind1="8" ind2=" ">
         <marc:subfield code="a">LDC2001T60</marc:subfield>
      </marc:datafield>
      <marc:datafield tag="024" ind1="8" ind2=" ">
         <marc:subfield code="a">ISLRN: 273-316-343-136-7</marc:subfield>
      </marc:datafield>
      <marc:datafield tag="042" ind1=" " ind2=" ">
         <marc:subfield code="a">dc</marc:subfield>
      </marc:datafield>
      <marc:datafield tag="245" ind1="0" ind2="0">
         <marc:subfield code="a">Syllable-Final /s/ Lenition</marc:subfield>
      </marc:datafield>
      <marc:datafield tag="264" ind1=" " ind2=" ">
         <marc:subfield code="a">[Philadelphia, Pennsylvania]: </marc:subfield>
         <marc:subfield code="b">Linguistic Data Consortium, </marc:subfield>
         <marc:subfield code="c">[2001]</marc:subfield>
      </marc:datafield>
      <marc:datafield tag="500" ind1=" " ind2=" ">
         <marc:subfield code="a">LDC2001T60</marc:subfield>
      </marc:datafield>
      <marc:datafield tag="500" ind1=" " ind2=" ">
         <marc:subfield code="a">https://catalog.ldc.upenn.edu/LDC2001T60</marc:subfield>
      </marc:datafield>
      <marc:datafield tag="520" ind1=" " ind2=" ">
         <marc:subfield code="a">*Introduction* This publication represents a study of lenition of syllable-final // in Latin American Spanish produced by the Linguistic Data Consortium (LDC). The data used in this study came from three other LDC corpora, the CALLHOME Spanish Speech corpus, the CALLHOME Spanish Transcripts, and the CALLHOME Spanish Lexicon. It is a well-known fact that syllable-final /s/ is subject to lenition in many Latin American Spanish dialects. Lenition of -/s/ is a variable phonological process in which an -/s /may be aspirated (pronounced [h]) or deleted altogether. Lenition of -/s/ has been widely studied by sociolinguists, who have identified various linguistic and extralinguistic factors that favor the process. Since syllable-final /s /is frequent in Spanish, lenition has a great effect on overall pronunciation. *Data* Please see file.tbl for the directory structure of this publication, as well as a complete list of files. The primary data file consists of data stored in the following fields: * Token id * Code * Confidence level * Speaker id * Header of the line in the transcript * Words from the transcript * Location of word in the speakers turn * Location of /s/ in the word * Preceding segment * Following segment * Word stress pattern * Following word stress pattern * Word start time * Word end time * Length of pause following word * Coder * Speakers dialect * Speakers sex * Speakers age * Corrected following word * Comment * Morphological information There are on the order of 3,000 - 4,000 missing occurences of syllable-final /s/ encodings. These omissions occur for two main reasons: changes in the transcriptions after the list of all of the syllable-final /s/ were generated, and the failure of some transcript lines to be automatically aligned. For a more detailed description of this publication see the researchers description in HTML or Microsoft Word format.</marc:subfield>
      </marc:datafield>
      <marc:datafield tag="546" ind1=" " ind2=" ">
         <marc:subfield code="a">Spanish</marc:subfield>
      </marc:datafield>
      <marc:datafield tag="655" ind1="7" ind2=" ">
         <marc:subfield code="a">Text</marc:subfield>
         <marc:subfield code="2">DCMI Type</marc:subfield>
      </marc:datafield>
      <marc:datafield tag="700" ind1="1" ind2="0">
         <marc:subfield code="a">Fox, Michelle A.</marc:subfield>
      </marc:datafield>
   </marc:record>