
   <marc:record>
      <marc:leader>     nmm a22     3i 4500</marc:leader>
      <marc:controlfield tag="006">m     o  u        </marc:controlfield>
      <marc:controlfield tag="007">cu ||||||u||||</marc:controlfield>
      <marc:controlfield tag="008">      s2002    pau        u        mul d</marc:controlfield>
      <marc:datafield tag="020" ind1=" " ind2=" ">
         <marc:subfield code="a">1585632384</marc:subfield>
      </marc:datafield>
      <marc:datafield tag="024" ind1="8" ind2=" ">
         <marc:subfield code="a">LDC2002L27</marc:subfield>
      </marc:datafield>
      <marc:datafield tag="024" ind1="8" ind2=" ">
         <marc:subfield code="a">ISLRN: 108-782-445-016-1</marc:subfield>
      </marc:datafield>
      <marc:datafield tag="042" ind1=" " ind2=" ">
         <marc:subfield code="a">dc</marc:subfield>
      </marc:datafield>
      <marc:datafield tag="245" ind1="0" ind2="0">
         <marc:subfield code="a">Chinese-English Translation Lexicon Version 3.0</marc:subfield>
      </marc:datafield>
      <marc:datafield tag="264" ind1=" " ind2=" ">
         <marc:subfield code="a">[Philadelphia, Pennsylvania]: </marc:subfield>
         <marc:subfield code="b">Linguistic Data Consortium, </marc:subfield>
         <marc:subfield code="c">[2002]</marc:subfield>
      </marc:datafield>
      <marc:datafield tag="500" ind1=" " ind2=" ">
         <marc:subfield code="a">LDC2002L27</marc:subfield>
      </marc:datafield>
      <marc:datafield tag="500" ind1=" " ind2=" ">
         <marc:subfield code="a">https://catalog.ldc.upenn.edu/LDC2002L27</marc:subfield>
      </marc:datafield>
      <marc:datafield tag="520" ind1=" " ind2=" ">
         <marc:subfield code="a">*Introduction* 2002 Chinese-English Translation Lexicon Version 3.0 was developed by the Linguistic Data Consortium (LDC). In 1999, responding to urgent demand for a Chinese-English bilingual wordlist to support various projects, LDC quickly solicited entries from both in-house and Internet resources and compiled two versions of Chinese-English wordlists, "ldc_ce_dict.1.0.gb" (henceforth Version 1) and "ldc_ce_dict.2.0.txt" (henceforth Version 2). Version 1, with 24,298 entries, was relatively small and its coverage was unbalanced. Version 2, created as an experiment, is impractical for translingual information processing. Many of its entries were created by reversing source and target language fields in various English-to-Chinese wordlists; as a result many entries are not really words. The increasing demand for richer lexical resources led to the present release, "ldc_cedict.gb.Version 3" (henceforth Version 3). *Data* What's New in Version 3 The total number of Chinese headwords in this release is 54,170. In terms of coverage, Version 3 is a superset of Version 1 and the LDC's Mandarin pronunciation lexicon (Version 3/Version 4). The pronunciation lexicon has a total of 44,404 entries, or 43,968 unique Chinese character strings (i.e. with pronunciation removed). There are still 553 entries from the pronunciation lexicon not found in Version 3. We were unable to provide accurate translations for these head words for various reasons: they may be very technical; they don't make sense unless their source is re-examined; they may have segmentation errors; or they may be rare words for which appropriate translations could not be found due to limited time and resources. Version 3 also left out less than 40 entries from Version 1. Most of these are rare single-character words whose translations cannot be verified for accuracy. *Format* There is one data file, the lexicon itself. Within the lexicon, each entry is in this format: head_word_in_Chinese_characters /gloss 1/gloss 2/.../gloss n/ For example:  /Chinese language/Chinese/  /English language/English/ (A Chinese-capable browser is needed to see this properly. You may need to change your browser's character set to see Simplified Chinese characters.) *Updates* There are no updates at this time.</marc:subfield>
      </marc:datafield>
      <marc:datafield tag="546" ind1=" " ind2=" ">
         <marc:subfield code="a">English</marc:subfield>
      </marc:datafield>
      <marc:datafield tag="546" ind1=" " ind2=" ">
         <marc:subfield code="a">Mandarin Chinese</marc:subfield>
      </marc:datafield>
      <marc:datafield tag="655" ind1="7" ind2=" ">
         <marc:subfield code="a">Text</marc:subfield>
         <marc:subfield code="2">DCMI Type</marc:subfield>
      </marc:datafield>
      <marc:datafield tag="700" ind1="1" ind2="0">
         <marc:subfield code="a">Huang, Shudong</marc:subfield>
      </marc:datafield>
      <marc:datafield tag="700" ind1="1" ind2="0">
         <marc:subfield code="a">Graff, David</marc:subfield>
      </marc:datafield>
   </marc:record>