
   <marc:record>
      <marc:leader>     nmm a22     3i 4500</marc:leader>
      <marc:controlfield tag="006">m     o  u        </marc:controlfield>
      <marc:controlfield tag="007">cu ||||||u||||</marc:controlfield>
      <marc:controlfield tag="008">      s2002    pau        u        mul d</marc:controlfield>
      <marc:datafield tag="020" ind1=" " ind2=" ">
         <marc:subfield code="a">1585632279</marc:subfield>
      </marc:datafield>
      <marc:datafield tag="024" ind1="8" ind2=" ">
         <marc:subfield code="a">LDC2002S11</marc:subfield>
      </marc:datafield>
      <marc:datafield tag="024" ind1="8" ind2=" ">
         <marc:subfield code="a">ISLRN: 484-643-355-341-4</marc:subfield>
      </marc:datafield>
      <marc:datafield tag="042" ind1=" " ind2=" ">
         <marc:subfield code="a">dc</marc:subfield>
      </marc:datafield>
      <marc:datafield tag="245" ind1="0" ind2="0">
         <marc:subfield code="a">1997 HUB4 English Evaluation Speech and Transcripts</marc:subfield>
      </marc:datafield>
      <marc:datafield tag="264" ind1=" " ind2=" ">
         <marc:subfield code="a">[Philadelphia, Pennsylvania]: </marc:subfield>
         <marc:subfield code="b">Linguistic Data Consortium, </marc:subfield>
         <marc:subfield code="c">[2002]</marc:subfield>
      </marc:datafield>
      <marc:datafield tag="500" ind1=" " ind2=" ">
         <marc:subfield code="a">LDC2002S11</marc:subfield>
      </marc:datafield>
      <marc:datafield tag="500" ind1=" " ind2=" ">
         <marc:subfield code="a">https://catalog.ldc.upenn.edu/LDC2002S11</marc:subfield>
      </marc:datafield>
      <marc:datafield tag="520" ind1=" " ind2=" ">
         <marc:subfield code="a">*Introduction* The 1997 HUB4 English Evaluation, Linguistic Data Consortium (LDC) catalog number LDC2002S11 and ISBN 1-58563-227-9, is part of an ongoing series of periodic evaluations conducted by NIST. These evaluations provide an important contribution to the direction of research efforts and the calibration of technical capabilities. They are intended to be of interest to all researchers working on the general problem of conversational speech recognition. To this end, the evaluation was designed to be simple, to focus on core speech technology issues, to be fully supported, and to be accessible. The purpose of this evaluation is to foster research on the problem of accurately transcribing broadcast news speech and to measure objectively the state of the art. Additional documentation is available at the 1997 NIST Evaluation Plan for Broadcast News webpage. *Data* This year the entire test set is contained in a single waveform file. The SPHERE-formatted waveforem file h4e_97.sph is located in the h4e_evl directory of this CD-ROM. The waveform file contains 334 Mbytes of sphere data, which represents approximately three hours of concatenated radio and television broadcast news stories. The transcript file contains a rough number of 30,600 total tokens and 4,800 unique tokens. *Updates* There are no updates at this time. *Additional Copyright Information and Disclaimers* C-SPAN: Washington Journal USC : Radio Marketplace ABC : Prime Time CNN : Morning News CNN : World View NPR : Morning Edition PRI : The World"NPR Programs or excerpts of Programs contained herein are from 1996 broadcasts of "All Things Considered(R)" and "Morning Edition(R)" and are copyrighted works owned by National Public Radio, Inc. The Programs are used with permission of National Public Radio, Inc. Any unauthorized duplication or other use is strictly prohibited." "RESTRICTED RIGHTS LEGEND: INFORMATION FROM THE USC PROGRAM 'MARKETPLACE' CONTAINED HEREIN IS THE PROPERTY OF USC RADIO AND THE UNIVERSITY OF SOUTHERN CALIFORNIA AND IS PROTECTED BY COPYRIGHT. USE, DUPLICATION OR DISCLOSURE BY YOU IS SUBJECT TO THE RESTRICTIONS SET FORTH IN THE USER AGREEMENT AND ATTACHED TO THE COMPUTER READABLE MEDIA PROVIDED TO YOU BY THE LINGUISTIC DATA CONSORTIUM OF THE UNIVERSITY OF PENNSYLVANIA. COPYRIGHT 1996 UNIVERSITY OF SOUTHERN CALIFORNIA, AND IS DSITRIBUTED TO PUBLIC RADIO STATIONS NATIONWIDE BY PRI-PUBLIC RADIO INTERNATIONAL. MARKETPLACE IS MADE POSSIBLE BY GE, THE CORPORATION FOR PUBLIC RADIO, AND PUBLIC RADIO STATIONS NATIONWIDE."</marc:subfield>
      </marc:datafield>
      <marc:datafield tag="546" ind1=" " ind2=" ">
         <marc:subfield code="a">English</marc:subfield>
      </marc:datafield>
      <marc:datafield tag="655" ind1="7" ind2=" ">
         <marc:subfield code="a">Sound</marc:subfield>
         <marc:subfield code="2">DCMI Type</marc:subfield>
      </marc:datafield>
      <marc:datafield tag="700" ind1="1" ind2="0">
         <marc:subfield code="a">Graff, David</marc:subfield>
      </marc:datafield>
      <marc:datafield tag="700" ind1="1" ind2="0">
         <marc:subfield code="a">Fiscus, Jonathan G.</marc:subfield>
      </marc:datafield>
      <marc:datafield tag="700" ind1="1" ind2="0">
         <marc:subfield code="a">Garofolo, John S.</marc:subfield>
      </marc:datafield>
   </marc:record>