
   <marc:record>
      <marc:leader>     nmm a22     3i 4500</marc:leader>
      <marc:controlfield tag="006">m     o  u        </marc:controlfield>
      <marc:controlfield tag="007">cu ||||||u||||</marc:controlfield>
      <marc:controlfield tag="008">      s2002    pau        u        mul d</marc:controlfield>
      <marc:datafield tag="020" ind1=" " ind2=" ">
         <marc:subfield code="a">1585632333</marc:subfield>
      </marc:datafield>
      <marc:datafield tag="024" ind1="8" ind2=" ">
         <marc:subfield code="a">LDC2002S23</marc:subfield>
      </marc:datafield>
      <marc:datafield tag="024" ind1="8" ind2=" ">
         <marc:subfield code="a">ISLRN: 972-929-534-164-6</marc:subfield>
      </marc:datafield>
      <marc:datafield tag="042" ind1=" " ind2=" ">
         <marc:subfield code="a">dc</marc:subfield>
      </marc:datafield>
      <marc:datafield tag="245" ind1="0" ind2="0">
         <marc:subfield code="a">1997 HUB5 English Evaluation</marc:subfield>
      </marc:datafield>
      <marc:datafield tag="264" ind1=" " ind2=" ">
         <marc:subfield code="a">[Philadelphia, Pennsylvania]: </marc:subfield>
         <marc:subfield code="b">Linguistic Data Consortium, </marc:subfield>
         <marc:subfield code="c">[2002]</marc:subfield>
      </marc:datafield>
      <marc:datafield tag="500" ind1=" " ind2=" ">
         <marc:subfield code="a">LDC2002S23</marc:subfield>
      </marc:datafield>
      <marc:datafield tag="500" ind1=" " ind2=" ">
         <marc:subfield code="a">https://catalog.ldc.upenn.edu/LDC2002S23</marc:subfield>
      </marc:datafield>
      <marc:datafield tag="520" ind1=" " ind2=" ">
         <marc:subfield code="a">*Introduction* 1997 HUB5 English Evaluation was developed by the Lingustic Data Consortium (LDC) and consists of English conversational telephone speech and associated transcripts used in the 1997 HUB5 evaluation sponsored by NIST (National Institute of Standards and Technology). The Hub5 evaluation series focused on conversational speech over the telephone with the particular task of transcribing conversational speech into text. Its goals were to explore promising new areas in the recognition of conversational speech, to develop advanced technology incorporating those ideas and to measure the performance of new technology. Further information about the evaluation can be found on the NIST HUB5 website and in The 1997 HUB-5E Evaluation Plan for Recognition of Conversational Speech over the Telephone in English, included in this release. *Data* The source data consists of conversational telephone speech collected by LDC: (1) 20 telephone conversations from the Swtichboard-2 studies (LDC98S75, LDC98S79) in which recruited speakers were connected through a robot operator to carry on casual conversations about a daily topic announced by the robot operator at the start of the call; and (2) 20 telephone conversations from CALLHOME American English Speech which consists of unscripted telephone conversations between native English speakers. The audio files are in sphere format. The sphere headers have been modified from the original evaluation data by the addition of sample checksums to the CALLHOME data files. The corresponding transcripts are presented in text format. *Samples* Please listen to this audio sample and view this transcript sample. *Updates* There are no updates at this time. *Additional Licensing Instructions* This 'members-only' corpora is available to current members who can request the data at the listed reduced-license fee. Contact ldc@ldc.upenn.edu for information about becoming a member.</marc:subfield>
      </marc:datafield>
      <marc:datafield tag="546" ind1=" " ind2=" ">
         <marc:subfield code="a">English</marc:subfield>
      </marc:datafield>
      <marc:datafield tag="655" ind1="7" ind2=" ">
         <marc:subfield code="a">Sound</marc:subfield>
         <marc:subfield code="2">DCMI Type</marc:subfield>
      </marc:datafield>
      <marc:datafield tag="655" ind1="7" ind2=" ">
         <marc:subfield code="a">Text</marc:subfield>
         <marc:subfield code="2">DCMI Type</marc:subfield>
      </marc:datafield>
      <marc:datafield tag="700" ind1="1" ind2="0">
         <marc:subfield code="a">NIST Multimodal Information Group</marc:subfield>
      </marc:datafield>
   </marc:record>