
   <marc:record>
      <marc:leader>     nmm a22     3i 4500</marc:leader>
      <marc:controlfield tag="006">m     o  u        </marc:controlfield>
      <marc:controlfield tag="007">cu ||||||u||||</marc:controlfield>
      <marc:controlfield tag="008">      s2002    pau        u        mul d</marc:controlfield>
      <marc:datafield tag="020" ind1=" " ind2=" ">
         <marc:subfield code="a">1585632422</marc:subfield>
      </marc:datafield>
      <marc:datafield tag="024" ind1="8" ind2=" ">
         <marc:subfield code="a">LDC2002S35</marc:subfield>
      </marc:datafield>
      <marc:datafield tag="024" ind1="8" ind2=" ">
         <marc:subfield code="a">ISLRN: 550-933-474-715-5</marc:subfield>
      </marc:datafield>
      <marc:datafield tag="042" ind1=" " ind2=" ">
         <marc:subfield code="a">dc</marc:subfield>
      </marc:datafield>
      <marc:datafield tag="245" ind1="0" ind2="0">
         <marc:subfield code="a">Voicemail Corpus Part II</marc:subfield>
      </marc:datafield>
      <marc:datafield tag="264" ind1=" " ind2=" ">
         <marc:subfield code="a">[Philadelphia, Pennsylvania]: </marc:subfield>
         <marc:subfield code="b">Linguistic Data Consortium, </marc:subfield>
         <marc:subfield code="c">[2002]</marc:subfield>
      </marc:datafield>
      <marc:datafield tag="500" ind1=" " ind2=" ">
         <marc:subfield code="a">LDC2002S35</marc:subfield>
      </marc:datafield>
      <marc:datafield tag="500" ind1=" " ind2=" ">
         <marc:subfield code="a">https://catalog.ldc.upenn.edu/LDC2002S35</marc:subfield>
      </marc:datafield>
      <marc:datafield tag="520" ind1=" " ind2=" ">
         <marc:subfield code="a">*Introduction* Voicemail Corpus Part II was produced by Linguistic Data Consortium (LDC) catalog number LDC2002S35 and ISBN 1-58563-242-2. Voicemail Corpus Part II is a continuation of Voicemail Corpus Part I, LDC98S77. *Data* This publication is comprised of speech and script files, and is structured in training and evaluation data. The training data consists of 2,048 voicemail messages and the corresponding script files. The speech and script files are organized in 41 directories, each of which contains up to 50 messages. The evaluation data consists of 50 voicemail messages and 50 scripts. The speech data is provided in sphere format it is sampled at 8 KHz, and recorded in 8-bit ulaw, totalling approximately 14 hours (406 MB) for training and 23 minutes (11 MB) for evaluation. In addition to the individual script files, there are three files which represent a concatenation of the individual scripts: train_scripts.all and eval_scripts .all represent a concatenation of the training and evaluation script files, one file per line, each line beginning with the fileID. eval_scripts_filtered.all is a filtered version of the file eval_scripts.all, after eliminating the tagged elements () and the proper nouns marker. *Updates* A more recent version of the paper Automatic Speech Recognition Performance on a Voicemail Transcription Task (M. Padmanabhan, G. Saon, J. Huang, B. Kingsbury and L. Mangu, IEEE Transactions on Speech and Audio Processing, vol 10, number 7, pp 433-442, October 2002) is available in both PDF and PS format by email request. *Additional Licensing Instructions* This 'members-only' corpora is available to current members who can request the data at the listed reduced-license fee. Contact ldc@ldc.upenn.edu for information about becoming a member.</marc:subfield>
      </marc:datafield>
      <marc:datafield tag="546" ind1=" " ind2=" ">
         <marc:subfield code="a">English</marc:subfield>
      </marc:datafield>
      <marc:datafield tag="655" ind1="7" ind2=" ">
         <marc:subfield code="a">Sound</marc:subfield>
         <marc:subfield code="2">DCMI Type</marc:subfield>
      </marc:datafield>
      <marc:datafield tag="700" ind1="1" ind2="0">
         <marc:subfield code="a">Padmanabhan, Mukund</marc:subfield>
      </marc:datafield>
      <marc:datafield tag="700" ind1="1" ind2="0">
         <marc:subfield code="a">Kingsbury, Brian</marc:subfield>
      </marc:datafield>
      <marc:datafield tag="700" ind1="1" ind2="0">
         <marc:subfield code="a">Ramabhadran, Bhuvana</marc:subfield>
      </marc:datafield>
      <marc:datafield tag="700" ind1="1" ind2="0">
         <marc:subfield code="a">Huang, Jing</marc:subfield>
      </marc:datafield>
      <marc:datafield tag="700" ind1="1" ind2="0">
         <marc:subfield code="a">Chen, Stanley</marc:subfield>
      </marc:datafield>
      <marc:datafield tag="700" ind1="1" ind2="0">
         <marc:subfield code="a">Saon, George</marc:subfield>
      </marc:datafield>
      <marc:datafield tag="700" ind1="1" ind2="0">
         <marc:subfield code="a">Mangu, Lidia</marc:subfield>
      </marc:datafield>
   </marc:record>