
   <marc:record>
      <marc:leader>     nmm a22     3i 4500</marc:leader>
      <marc:controlfield tag="006">m     o  u        </marc:controlfield>
      <marc:controlfield tag="007">cu ||||||u||||</marc:controlfield>
      <marc:controlfield tag="008">      s2002    pau        u        mul d</marc:controlfield>
      <marc:datafield tag="020" ind1=" " ind2=" ">
         <marc:subfield code="a">1585632171</marc:subfield>
      </marc:datafield>
      <marc:datafield tag="024" ind1="8" ind2=" ">
         <marc:subfield code="a">LDC2002T01</marc:subfield>
      </marc:datafield>
      <marc:datafield tag="024" ind1="8" ind2=" ">
         <marc:subfield code="a">ISLRN: 642-346-533-147-2</marc:subfield>
      </marc:datafield>
      <marc:datafield tag="042" ind1=" " ind2=" ">
         <marc:subfield code="a">dc</marc:subfield>
      </marc:datafield>
      <marc:datafield tag="245" ind1="0" ind2="0">
         <marc:subfield code="a">Multiple-Translation Chinese Corpus</marc:subfield>
      </marc:datafield>
      <marc:datafield tag="264" ind1=" " ind2=" ">
         <marc:subfield code="a">[Philadelphia, Pennsylvania]: </marc:subfield>
         <marc:subfield code="b">Linguistic Data Consortium, </marc:subfield>
         <marc:subfield code="c">[2002]</marc:subfield>
      </marc:datafield>
      <marc:datafield tag="500" ind1=" " ind2=" ">
         <marc:subfield code="a">LDC2002T01</marc:subfield>
      </marc:datafield>
      <marc:datafield tag="500" ind1=" " ind2=" ">
         <marc:subfield code="a">https://catalog.ldc.upenn.edu/LDC2002T01</marc:subfield>
      </marc:datafield>
      <marc:datafield tag="520" ind1=" " ind2=" ">
         <marc:subfield code="a">*Introduction* Multiple-Translation Chinese Corpus was developed by the Linguistic Data Consortium (LDC) and contains 17 human and machine tranlsations of Chinese newswire and broeadcast data. To support the development of automatic means for evaluating translation quality, LDC was sponsored to solicit 11 sets of human translations for a single set of Mandarin Chinese source materials. LDC was also asked to produce translations from various commercial machine translation (MT) systems as well as from MT systems available on the Internet. * Data* Three sources of journalistic Mandarin Chinese text were selected from existing LDC corpora: * Xinhua News Service: 52 news stories * Zaobao News Service: 27 news stories * Voice of America Mandarin broadcast transcripts: 26 news stories for a total of 105 stories. For an example of Mandarin Chinese Text please click on this example. For an example of English translation please click on this example. The Xinhua data were drawn from Chinese Treebank 2.0 (LDC2001T11); the file names and "doc_id" attributes assigned to these stories match the file names used in the Chinese Treebank release. The Zaobao and VOA data were both drawn from TDT3 Multilanguage Text Version 2.0 (LDC2001T58); their file names and "doc_id" attributes match the "DOCNO" tags assigned to these stories in the TDT3 release. Selection of stories from the two newswire collections was controlled by story length: all selected stories contain between about 340 and 400 Chinese characters. The selection from VOA broadcasts varied more widely, between 100 and 1,000 characters per story. The VOA Mandarin transcripts in TDT3 were created manually by a professional transcription service, but with limited editorial quality control -- while generally quite complete, these transcripts were not expected to exceed the quality or accuracy of closed-caption text in television broadcasts. Zaobao is a news portal from Singapore and many of its news stories are translations from other news agencies' releases. There are a total of 1,890 data files. *Updates* February 23, 2002: Possibly due to segmentation errors, two of the Machine Translation (MT) systems, tb2 and tb3, have output seven instances of obscenities, in files VOM19981114_0900_1588.sgm and chtb_177.sgm</marc:subfield>
      </marc:datafield>
      <marc:datafield tag="546" ind1=" " ind2=" ">
         <marc:subfield code="a">English</marc:subfield>
      </marc:datafield>
      <marc:datafield tag="546" ind1=" " ind2=" ">
         <marc:subfield code="a">Mandarin Chinese</marc:subfield>
      </marc:datafield>
      <marc:datafield tag="655" ind1="7" ind2=" ">
         <marc:subfield code="a">Text</marc:subfield>
         <marc:subfield code="2">DCMI Type</marc:subfield>
      </marc:datafield>
      <marc:datafield tag="700" ind1="1" ind2="0">
         <marc:subfield code="a">Huang, Shudong</marc:subfield>
      </marc:datafield>
      <marc:datafield tag="700" ind1="1" ind2="0">
         <marc:subfield code="a">Graff, David</marc:subfield>
      </marc:datafield>
      <marc:datafield tag="700" ind1="1" ind2="0">
         <marc:subfield code="a">Doddington, George R.</marc:subfield>
      </marc:datafield>
   </marc:record>