
   <marc:record>
      <marc:leader>     nmm a22     3i 4500</marc:leader>
      <marc:controlfield tag="006">m     o  u        </marc:controlfield>
      <marc:controlfield tag="007">cu ||||||u||||</marc:controlfield>
      <marc:controlfield tag="008">      s2002    pau        u        mul d</marc:controlfield>
      <marc:datafield tag="020" ind1=" " ind2=" ">
         <marc:subfield code="a">1585632236</marc:subfield>
      </marc:datafield>
      <marc:datafield tag="024" ind1="8" ind2=" ">
         <marc:subfield code="a">LDC2002T07</marc:subfield>
      </marc:datafield>
      <marc:datafield tag="024" ind1="8" ind2=" ">
         <marc:subfield code="a">ISLRN: 299-735-991-930-2</marc:subfield>
      </marc:datafield>
      <marc:datafield tag="042" ind1=" " ind2=" ">
         <marc:subfield code="a">dc</marc:subfield>
      </marc:datafield>
      <marc:datafield tag="245" ind1="0" ind2="0">
         <marc:subfield code="a">RST Discourse Treebank</marc:subfield>
      </marc:datafield>
      <marc:datafield tag="264" ind1=" " ind2=" ">
         <marc:subfield code="a">[Philadelphia, Pennsylvania]: </marc:subfield>
         <marc:subfield code="b">Linguistic Data Consortium, </marc:subfield>
         <marc:subfield code="c">[2002]</marc:subfield>
      </marc:datafield>
      <marc:datafield tag="500" ind1=" " ind2=" ">
         <marc:subfield code="a">LDC2002T07</marc:subfield>
      </marc:datafield>
      <marc:datafield tag="500" ind1=" " ind2=" ">
         <marc:subfield code="a">https://catalog.ldc.upenn.edu/LDC2002T07</marc:subfield>
      </marc:datafield>
      <marc:datafield tag="520" ind1=" " ind2=" ">
         <marc:subfield code="a">*Introduction* Rhetorical Structure Theory (RST) Discourse Treebank was developed by researchers at the Information Sciences Institute (University of Southern California), the US Department of Defense and the Linguistic Data Consortium (LDC). It consists of 385 Wall Street Journal articles from the Penn Treebank annotated with discourse structure in the RST framework along with human-generated extracts and abstracts associated with the source documents. In the RST framework (Mann and Thompson, 1988), a text's discourse structure can be represented as a tree in four aspects: (1) the leaves correspond to text fragments called elementary discourse units (the mininal discourse units); (2) the internal nodes of the tree correspond to contiguous text spans; (3) each node is characterized by its nuclearity, or essential unit of information; and (4) each node is also characterized by a rhetorical relation between two or more non-overlapping, adjacent text spans. *Data* The data in this release is divided into a training set (347 documents) and a test set (38 documents). All annotations were produced using a discourse annotation tool that can be downloaded from http://www.isi.edu/~marcu/discourse. Human-generated material in the corpus includes (1) long and short abstracts for 30 documents that were intended to convey the essential information and the main topic of the article, respectively; and (2) long, short and informative extracts for 180 documents, some of which were created from scratch and some of which were derived from the humanly-producted abstracts indicated above. *Samples* Please view this sample. *Updates* There are no updates at this time.</marc:subfield>
      </marc:datafield>
      <marc:datafield tag="546" ind1=" " ind2=" ">
         <marc:subfield code="a">English</marc:subfield>
      </marc:datafield>
      <marc:datafield tag="655" ind1="7" ind2=" ">
         <marc:subfield code="a">Text</marc:subfield>
         <marc:subfield code="2">DCMI Type</marc:subfield>
      </marc:datafield>
      <marc:datafield tag="700" ind1="1" ind2="0">
         <marc:subfield code="a">Carlson, Lynn</marc:subfield>
      </marc:datafield>
      <marc:datafield tag="700" ind1="1" ind2="0">
         <marc:subfield code="a">Marcu, Daniel</marc:subfield>
      </marc:datafield>
      <marc:datafield tag="700" ind1="1" ind2="0">
         <marc:subfield code="a">Okurowski, Mary Ellen</marc:subfield>
      </marc:datafield>
   </marc:record>