
   <marc:record>
      <marc:leader>     nmm a22     3i 4500</marc:leader>
      <marc:controlfield tag="006">m     o  u        </marc:controlfield>
      <marc:controlfield tag="007">cu ||||||u||||</marc:controlfield>
      <marc:controlfield tag="008">      s2003    pau        u        mul d</marc:controlfield>
      <marc:datafield tag="020" ind1=" " ind2=" ">
         <marc:subfield code="a">1585632554</marc:subfield>
      </marc:datafield>
      <marc:datafield tag="024" ind1="8" ind2=" ">
         <marc:subfield code="a">LDC2003L01</marc:subfield>
      </marc:datafield>
      <marc:datafield tag="024" ind1="8" ind2=" ">
         <marc:subfield code="a">ISLRN: 880-081-036-797-6</marc:subfield>
      </marc:datafield>
      <marc:datafield tag="042" ind1=" " ind2=" ">
         <marc:subfield code="a">dc</marc:subfield>
      </marc:datafield>
      <marc:datafield tag="245" ind1="0" ind2="0">
         <marc:subfield code="a">Grassfields Bantu Fieldwork: Dschang Lexicon</marc:subfield>
      </marc:datafield>
      <marc:datafield tag="264" ind1=" " ind2=" ">
         <marc:subfield code="a">[Philadelphia, Pennsylvania]: </marc:subfield>
         <marc:subfield code="b">Linguistic Data Consortium, </marc:subfield>
         <marc:subfield code="c">[2003]</marc:subfield>
      </marc:datafield>
      <marc:datafield tag="500" ind1=" " ind2=" ">
         <marc:subfield code="a">LDC2003L01</marc:subfield>
      </marc:datafield>
      <marc:datafield tag="500" ind1=" " ind2=" ">
         <marc:subfield code="a">https://catalog.ldc.upenn.edu/LDC2003L01</marc:subfield>
      </marc:datafield>
      <marc:datafield tag="520" ind1=" " ind2=" ">
         <marc:subfield code="a">*Introduction* Grassfields Bantu Fieldwork: Dschang Lexicon was produced by Linguistic Data Consortium (LDC) catalog number LDC2003L01 and ISBN 1-58563-255-4. The data contains a lexicon of the language Ymba (Bamileke Dschang), a Bamileke (Grassfields Bantu) language spoken by 300,000+ people in Southwestern Cameroon. *Data* There are two sets of pages in HTML format: one set is 28 pages, the other is 105. In the first set, one page lists every word in the lexicon that begins with a given letter (or letter combination). In the second set, one page lists approximately 25 entries, unless there are fewer than 25 entries beginning with a given letter. The second set is more convenient for use on slower machines. Each entry under a headword has links to two or more sound files. Two speakers were recorded; a given entry generally contains links to utterances of the headword by both speakers, as well as a laryngograph recording of the headword by the second speaker. Nouns may also have links to pronunciations of the plurals, and verbs may have links to pronunciations of the imperative and infinitive forms. These ancillary forms will in general also have laryngograph recordings. Recorded: May 1997, Dschang, recording studio of SIL Cameroon, Yaound Digitized, Labelled and Segmented: 1997-1998 Phonetics Laboratory, University of Edinburgh Annotated: 1998-2002 LDC, University of Pennsylvania Sponsorship: SIL Cameroon Economic and Social Research Council (UK) Grant R000235540 National Science Foundation (US) Grant 9983258 National Science Foundation (US) TalkBank Project Grant BCS-998009, KDI, SBE Linguistic Data Consortium *Updates* There are no updates available at this time. Due to a problem with the way a number of images are rendered by the Windows operating system, the release is recommended to be viewed in the Unix operating system, which displays the icons correctly. *Note* The cost of the first 100 copies of this publication (not counting the copies distributed to LDC members) is covered by NSF Grant Number 9983258, and therefore free of charge to qualified researchers; a $30 shipping and handling fee applies. After these first 100 copies are distributed, additional copies will be available under the normal terms and costs.</marc:subfield>
      </marc:datafield>
      <marc:datafield tag="546" ind1=" " ind2=" ">
         <marc:subfield code="a">Yemba</marc:subfield>
      </marc:datafield>
      <marc:datafield tag="546" ind1=" " ind2=" ">
         <marc:subfield code="a">English</marc:subfield>
      </marc:datafield>
      <marc:datafield tag="546" ind1=" " ind2=" ">
         <marc:subfield code="a">French</marc:subfield>
      </marc:datafield>
      <marc:datafield tag="655" ind1="7" ind2=" ">
         <marc:subfield code="a">Text</marc:subfield>
         <marc:subfield code="2">DCMI Type</marc:subfield>
      </marc:datafield>
      <marc:datafield tag="655" ind1="7" ind2=" ">
         <marc:subfield code="a">Sound</marc:subfield>
         <marc:subfield code="2">DCMI Type</marc:subfield>
      </marc:datafield>
      <marc:datafield tag="700" ind1="1" ind2="0">
         <marc:subfield code="a">Bird, Steven</marc:subfield>
      </marc:datafield>
   </marc:record>