
   <marc:record>
      <marc:leader>     nmm a22     3i 4500</marc:leader>
      <marc:controlfield tag="006">m     o  u        </marc:controlfield>
      <marc:controlfield tag="007">cu ||||||u||||</marc:controlfield>
      <marc:controlfield tag="008">      s2003    pau        u        mul d</marc:controlfield>
      <marc:datafield tag="020" ind1=" " ind2=" ">
         <marc:subfield code="a">1585632635</marc:subfield>
      </marc:datafield>
      <marc:datafield tag="024" ind1="8" ind2=" ">
         <marc:subfield code="a">LDC2003S03</marc:subfield>
      </marc:datafield>
      <marc:datafield tag="024" ind1="8" ind2=" ">
         <marc:subfield code="a">ISLRN: 977-452-139-220-6</marc:subfield>
      </marc:datafield>
      <marc:datafield tag="042" ind1=" " ind2=" ">
         <marc:subfield code="a">dc</marc:subfield>
      </marc:datafield>
      <marc:datafield tag="245" ind1="0" ind2="0">
         <marc:subfield code="a">Korean Telephone Conversations Speech</marc:subfield>
      </marc:datafield>
      <marc:datafield tag="264" ind1=" " ind2=" ">
         <marc:subfield code="a">[Philadelphia, Pennsylvania]: </marc:subfield>
         <marc:subfield code="b">Linguistic Data Consortium, </marc:subfield>
         <marc:subfield code="c">[2003]</marc:subfield>
      </marc:datafield>
      <marc:datafield tag="500" ind1=" " ind2=" ">
         <marc:subfield code="a">LDC2003S03</marc:subfield>
      </marc:datafield>
      <marc:datafield tag="500" ind1=" " ind2=" ">
         <marc:subfield code="a">https://catalog.ldc.upenn.edu/LDC2003S03</marc:subfield>
      </marc:datafield>
      <marc:datafield tag="520" ind1=" " ind2=" ">
         <marc:subfield code="a">*Introduction* Korean Telephone Conversations Speech was produced by Linguistic Data Consortium (LDC) catalog number LDC2003S03 and ISBN 1-58563-263-5. The telephone conversations in this corpus were originally recorded as part of the CALLFRIEND project. The CALLFRIEND Korean telephone speech was collected by Linguistic Data Consortium primarily in support of the Language Identification (LID) project, sponsored by the U.S. Department of Defense. The calls were later transcribed for use in other projects. This publication consists of 100 telephone conversations, 49 of which were published in 1996 as CALLFRIEND Korean, while the rest of 51 are previously unexposed calls. All 100 conversations have been transcribed and are published as Korean Telephone Conversations Transcripts. The recorded conversations are between native speakers of Korean and last up to 30 minutes, of which the transcribed speech covers between 15 to 18 minutes. All speakers were aware that they were being recorded. They were given no guidelines concerning what they should talk about. Once a caller was recruited to participate, he/she was given a free choice of whom to call. Most participants called family members or close friends. All calls originated in either the United States or Canada. *Data* There are 100 speech files, totalling approximately 44 hours of audio. All speech files are in sphere format (shorten-compressed), recorded in two-channel ulaw with a sampling rate of 8 KHz. *Samples* Please listen to this audio sample. *Updates* There are no updates available at this time.</marc:subfield>
      </marc:datafield>
      <marc:datafield tag="546" ind1=" " ind2=" ">
         <marc:subfield code="a">Korean</marc:subfield>
      </marc:datafield>
      <marc:datafield tag="655" ind1="7" ind2=" ">
         <marc:subfield code="a">Sound</marc:subfield>
         <marc:subfield code="2">DCMI Type</marc:subfield>
      </marc:datafield>
      <marc:datafield tag="700" ind1="1" ind2="0">
         <marc:subfield code="a">Ko, Eon-Suk</marc:subfield>
      </marc:datafield>
      <marc:datafield tag="700" ind1="1" ind2="0">
         <marc:subfield code="a">Han, Na-Rae</marc:subfield>
      </marc:datafield>
      <marc:datafield tag="700" ind1="1" ind2="0">
         <marc:subfield code="a">Caravan, Alexandra</marc:subfield>
      </marc:datafield>
      <marc:datafield tag="700" ind1="1" ind2="0">
         <marc:subfield code="a">Zipperlen, George</marc:subfield>
      </marc:datafield>
   </marc:record>