
   <marc:record>
      <marc:leader>     nmm a22     3i 4500</marc:leader>
      <marc:controlfield tag="006">m     o  u        </marc:controlfield>
      <marc:controlfield tag="007">cu ||||||u||||</marc:controlfield>
      <marc:controlfield tag="008">      s2003    pau        u        mul d</marc:controlfield>
      <marc:datafield tag="020" ind1=" " ind2=" ">
         <marc:subfield code="a">1585632619</marc:subfield>
      </marc:datafield>
      <marc:datafield tag="024" ind1="8" ind2=" ">
         <marc:subfield code="a">LDC2003T06</marc:subfield>
      </marc:datafield>
      <marc:datafield tag="024" ind1="8" ind2=" ">
         <marc:subfield code="a">ISLRN: 333-321-196-670-5</marc:subfield>
      </marc:datafield>
      <marc:datafield tag="042" ind1=" " ind2=" ">
         <marc:subfield code="a">dc</marc:subfield>
      </marc:datafield>
      <marc:datafield tag="245" ind1="0" ind2="0">
         <marc:subfield code="a">Arabic Treebank: Part 1 v 2.0</marc:subfield>
      </marc:datafield>
      <marc:datafield tag="264" ind1=" " ind2=" ">
         <marc:subfield code="a">[Philadelphia, Pennsylvania]: </marc:subfield>
         <marc:subfield code="b">Linguistic Data Consortium, </marc:subfield>
         <marc:subfield code="c">[2003]</marc:subfield>
      </marc:datafield>
      <marc:datafield tag="500" ind1=" " ind2=" ">
         <marc:subfield code="a">LDC2003T06</marc:subfield>
      </marc:datafield>
      <marc:datafield tag="500" ind1=" " ind2=" ">
         <marc:subfield code="a">https://catalog.ldc.upenn.edu/LDC2003T06</marc:subfield>
      </marc:datafield>
      <marc:datafield tag="520" ind1=" " ind2=" ">
         <marc:subfield code="a">*Introduction* Arabic Treebank: Part 1 v 2.0 was produced by Linguistic Data Consortium (LDC) catalog number LDC2003T06 and ISBN 1-58563-261-9. This publication is part one of a a corpus of one million words of Arabic Treebank, designed to support language research and development of language technology for Modern Standard Arabic. *Data* The Penn Arabic Treebank, which is part of the DARPA TIDES project, started in the Fall of 2001 with the objective of performing human and computer annotations of a large Arabic machine-readable text corpus (for project background please see POStest.html). As in previous Penn Treebanks, two different kinds of information need to be produced by two different (human and computer) processes. The Arabic Treebank project consists therefore of two distinct phases: * Part-of-Speech (POS) tagging - divides the text into lexical tokens, and gives relevant information about each token such as lexical category, inflectional features, and a gloss * Arabic Treebanking (ArabicTB) - characterizes the constituent structures of word sequences, provides categories for each non-terminal node, and identifies null elements, co-reference, traces, etc. Both tasks started in November 2001 with an initial pilot consisting of 734 files representing roughly 166K words of written Modern Standard Arabic newswire from the Agence France Presse corpus. The target of this publication is to provide a description of a written Modern Standard Arabic text corpus. The source data consists of Agence France Presse (AFP) newswire, spanning from July through November of 2000. This publication includes 734 stories representing 140,265 words (168,123 tokens after clitic segmentation in the Treebank). *Updates* There are no updates available at this time.</marc:subfield>
      </marc:datafield>
      <marc:datafield tag="546" ind1=" " ind2=" ">
         <marc:subfield code="a">Standard Arabic</marc:subfield>
      </marc:datafield>
      <marc:datafield tag="655" ind1="7" ind2=" ">
         <marc:subfield code="a">Text</marc:subfield>
         <marc:subfield code="2">DCMI Type</marc:subfield>
      </marc:datafield>
      <marc:datafield tag="700" ind1="1" ind2="0">
         <marc:subfield code="a">Maamouri, Mohamed</marc:subfield>
      </marc:datafield>
      <marc:datafield tag="700" ind1="1" ind2="0">
         <marc:subfield code="a">Bies, Ann</marc:subfield>
      </marc:datafield>
      <marc:datafield tag="700" ind1="1" ind2="0">
         <marc:subfield code="a">Jin, Hubert</marc:subfield>
      </marc:datafield>
      <marc:datafield tag="700" ind1="1" ind2="0">
         <marc:subfield code="a">Buckwalter, Tim</marc:subfield>
      </marc:datafield>
   </marc:record>