
   <marc:record>
      <marc:leader>     nmm a22     3i 4500</marc:leader>
      <marc:controlfield tag="006">m     o  u        </marc:controlfield>
      <marc:controlfield tag="007">cu ||||||u||||</marc:controlfield>
      <marc:controlfield tag="008">      s2003    pau        u        mul d</marc:controlfield>
      <marc:datafield tag="020" ind1=" " ind2=" ">
         <marc:subfield code="a">1585632627</marc:subfield>
      </marc:datafield>
      <marc:datafield tag="024" ind1="8" ind2=" ">
         <marc:subfield code="a">LDC2003T07</marc:subfield>
      </marc:datafield>
      <marc:datafield tag="024" ind1="8" ind2=" ">
         <marc:subfield code="a">ISLRN: 908-654-225-543-1</marc:subfield>
      </marc:datafield>
      <marc:datafield tag="042" ind1=" " ind2=" ">
         <marc:subfield code="a">dc</marc:subfield>
      </marc:datafield>
      <marc:datafield tag="245" ind1="0" ind2="0">
         <marc:subfield code="a">Arabic Treebank: Part 1 - 10K-word English Translation</marc:subfield>
      </marc:datafield>
      <marc:datafield tag="264" ind1=" " ind2=" ">
         <marc:subfield code="a">[Philadelphia, Pennsylvania]: </marc:subfield>
         <marc:subfield code="b">Linguistic Data Consortium, </marc:subfield>
         <marc:subfield code="c">[2003]</marc:subfield>
      </marc:datafield>
      <marc:datafield tag="500" ind1=" " ind2=" ">
         <marc:subfield code="a">LDC2003T07</marc:subfield>
      </marc:datafield>
      <marc:datafield tag="500" ind1=" " ind2=" ">
         <marc:subfield code="a">https://catalog.ldc.upenn.edu/LDC2003T07</marc:subfield>
      </marc:datafield>
      <marc:datafield tag="520" ind1=" " ind2=" ">
         <marc:subfield code="a">*Introduction* Arabic Treebank: Part 1 - 10K-word English Translation was produced by Linguistic Data Consortium (LDC) catalog number LDC2003T07 and ISBN 1-58563-262-7. The purpose of this corpus of 10K Arabic words translated into English is to support the development of data-driven approaches to natural language processing, machine translation, human language technologies, cross-lingual information retrieval, and other forms of linguistic research on Modern Standard Arabic in general. *Data* The project targets the translation of a written Modern Standard Arabic corpus from the Agence France Presse (AFP) newswire archives for July 2000 (the files are dated 20000715*). The corpus consists of 49 source stories, which is a subset of the 734 stories published in Arabic Treebank: Part 1 v 2.0. These 49 source files consist of 418 paragraphs and 9,981 words. The source data and the translations are stored in SGML format. The files have been validated using the DTD provided in the corpus. Please follow these links for an example of an Arabic source file and the English translation. The stories have been translated at paragraph level and verified/corrected by different annotators. In general, the translation between Arabic and English has been aligned at sentence-to-sentence level. However, we noticed that an Arabic sentence can be translated into multiple English sentences (16 occurrences), and two Arabic sentences can be translated into a single English sentence (two occurrences). For 18 paragraphs out of the total of 418 in the corpus, only paragraph-to-paragraph alignment is provided. *Updates* There are no updates available at this time.</marc:subfield>
      </marc:datafield>
      <marc:datafield tag="546" ind1=" " ind2=" ">
         <marc:subfield code="a">Standard Arabic</marc:subfield>
      </marc:datafield>
      <marc:datafield tag="655" ind1="7" ind2=" ">
         <marc:subfield code="a">Text</marc:subfield>
         <marc:subfield code="2">DCMI Type</marc:subfield>
      </marc:datafield>
      <marc:datafield tag="700" ind1="1" ind2="0">
         <marc:subfield code="a">Maamouri, Mohamed</marc:subfield>
      </marc:datafield>
      <marc:datafield tag="700" ind1="1" ind2="0">
         <marc:subfield code="a">Jin, Hubert</marc:subfield>
      </marc:datafield>
      <marc:datafield tag="700" ind1="1" ind2="0">
         <marc:subfield code="a">Bies, Ann</marc:subfield>
      </marc:datafield>
      <marc:datafield tag="700" ind1="1" ind2="0">
         <marc:subfield code="a">Ma, Xiaoyi</marc:subfield>
      </marc:datafield>
   </marc:record>