
   <marc:record>
      <marc:leader>     nmm a22     3i 4500</marc:leader>
      <marc:controlfield tag="006">m     o  u        </marc:controlfield>
      <marc:controlfield tag="007">cu ||||||u||||</marc:controlfield>
      <marc:controlfield tag="008">      s2003    pau        u        mul d</marc:controlfield>
      <marc:datafield tag="020" ind1=" " ind2=" ">
         <marc:subfield code="a">1585632643</marc:subfield>
      </marc:datafield>
      <marc:datafield tag="024" ind1="8" ind2=" ">
         <marc:subfield code="a">LDC2003T08</marc:subfield>
      </marc:datafield>
      <marc:datafield tag="024" ind1="8" ind2=" ">
         <marc:subfield code="a">ISLRN: 248-953-409-804-2</marc:subfield>
      </marc:datafield>
      <marc:datafield tag="042" ind1=" " ind2=" ">
         <marc:subfield code="a">dc</marc:subfield>
      </marc:datafield>
      <marc:datafield tag="245" ind1="0" ind2="0">
         <marc:subfield code="a">Korean Telephone Conversations Transcripts</marc:subfield>
      </marc:datafield>
      <marc:datafield tag="264" ind1=" " ind2=" ">
         <marc:subfield code="a">[Philadelphia, Pennsylvania]: </marc:subfield>
         <marc:subfield code="b">Linguistic Data Consortium, </marc:subfield>
         <marc:subfield code="c">[2003]</marc:subfield>
      </marc:datafield>
      <marc:datafield tag="500" ind1=" " ind2=" ">
         <marc:subfield code="a">LDC2003T08</marc:subfield>
      </marc:datafield>
      <marc:datafield tag="500" ind1=" " ind2=" ">
         <marc:subfield code="a">https://catalog.ldc.upenn.edu/LDC2003T08</marc:subfield>
      </marc:datafield>
      <marc:datafield tag="520" ind1=" " ind2=" ">
         <marc:subfield code="a">*Introduction* Korean Telephone Conversations Transcripts was produced by Linguistic Data Consortium (LDC) catalog number LDC2003T08 and ISBN 1-58563-264-3. The telephone conversations on which these transcripts are based were originally recorded as part of the CALLFRIEND project. The CALLFRIEND Korean telephone speech was collected by Linguistic Data Consortium primarily in support of the Language Identification (LID) project, sponsored by the U.S. Department of Defense. The calls were later transcribed for use in other projects. This publication consists of 100 transcribed telephone conversations in Korean. The corresponding speech is published as Korean Telephone Conversations Speech. The Korean orthographic forms from the 100 trascription files serve as the head-words in the associated Korean Telephone Conversations Lexicon. The recorded conversations are between native speakers of Korean and last up to 30 minutes, of which the transcribed speech covers between 15 to 18 minutes. All speakers were aware that they were being recorded. They were given no guidelines concerning what they should talk about. Once a caller was recruited to participate, he/she was given a free choice of whom to call. Most participants called family members or close friends. All calls originated in either the United States or Canada. *Data* There are 100 time aligned text files, totalling approximately 190K words and 25K unique words. All files are in Korean orthography: orthographic Korean characters are in Hangul, encoded in KSC5601 (Wansung) system, also known as EUC-KR or ISO-2022-KR. Please follow this link for a sample transcript: txt | gif. *Updates* There are no updates available at this time.</marc:subfield>
      </marc:datafield>
      <marc:datafield tag="546" ind1=" " ind2=" ">
         <marc:subfield code="a">Korean</marc:subfield>
      </marc:datafield>
      <marc:datafield tag="655" ind1="7" ind2=" ">
         <marc:subfield code="a">Text</marc:subfield>
         <marc:subfield code="2">DCMI Type</marc:subfield>
      </marc:datafield>
      <marc:datafield tag="700" ind1="1" ind2="0">
         <marc:subfield code="a">Ko, Eon-Suk</marc:subfield>
      </marc:datafield>
      <marc:datafield tag="700" ind1="1" ind2="0">
         <marc:subfield code="a">Han, Na-Rae</marc:subfield>
      </marc:datafield>
      <marc:datafield tag="700" ind1="1" ind2="0">
         <marc:subfield code="a">Strassel, Stephanie</marc:subfield>
      </marc:datafield>
      <marc:datafield tag="700" ind1="1" ind2="0">
         <marc:subfield code="a">Martey, Nii</marc:subfield>
      </marc:datafield>
   </marc:record>