
   <marc:record>
      <marc:leader>     nmm a22     3i 4500</marc:leader>
      <marc:controlfield tag="006">m     o  u        </marc:controlfield>
      <marc:controlfield tag="007">cu ||||||u||||</marc:controlfield>
      <marc:controlfield tag="008">      s2003    pau        u        mul d</marc:controlfield>
      <marc:datafield tag="020" ind1=" " ind2=" ">
         <marc:subfield code="a">1585632686</marc:subfield>
      </marc:datafield>
      <marc:datafield tag="024" ind1="8" ind2=" ">
         <marc:subfield code="a">LDC2003T10</marc:subfield>
      </marc:datafield>
      <marc:datafield tag="024" ind1="8" ind2=" ">
         <marc:subfield code="a">ISLRN: 567-782-098-693-0</marc:subfield>
      </marc:datafield>
      <marc:datafield tag="042" ind1=" " ind2=" ">
         <marc:subfield code="a">dc</marc:subfield>
      </marc:datafield>
      <marc:datafield tag="245" ind1="0" ind2="0">
         <marc:subfield code="a">SAID</marc:subfield>
      </marc:datafield>
      <marc:datafield tag="264" ind1=" " ind2=" ">
         <marc:subfield code="a">[Philadelphia, Pennsylvania]: </marc:subfield>
         <marc:subfield code="b">Linguistic Data Consortium, </marc:subfield>
         <marc:subfield code="c">[2003]</marc:subfield>
      </marc:datafield>
      <marc:datafield tag="500" ind1=" " ind2=" ">
         <marc:subfield code="a">LDC2003T10</marc:subfield>
      </marc:datafield>
      <marc:datafield tag="500" ind1=" " ind2=" ">
         <marc:subfield code="a">https://catalog.ldc.upenn.edu/LDC2003T10</marc:subfield>
      </marc:datafield>
      <marc:datafield tag="520" ind1=" " ind2=" ">
         <marc:subfield code="a">*Introduction* SAID (A Syntactically Annotated Idiom Dataset) was produced by Linguistic Data Consortium (LDC) catalog number LDC2003T10 and ISBN 1-58563-268-6. The purpose if this corpus is to provide data for investigating the structural configurations in which English idioms are typically found. The assumption was that, since idioms are phrasal lexical items (PLIs), they would therefore have structural properties which are idiosyncratic. In order to study the structural properties of phrasal lexical items, the data is more useful if it is syntactically annotated. *Data* The data was originally drawn from four dictionaries of English idioms. Only citation forms, suitably adapted for this purpose, were used. The citation files were amalgamated. The rationale for the selection was that these are among the biggest and most comprehensive lists of English idioms. There are 13,467 phrasal lexical items in this corpus. The analysis of the phrasal lexical items was manual, while the bracketting symmetry was checked computationally. In order to facilitate machine manipulation of the annotated data, the manual analysis was converted to PROLOG format. This involved expansions of those PLIs which had optional constituents so that both the case with and the case without the options were made available. The files are provided in text format, which each record separated by a carriage return. *Sponsorship* The New Zealand Vice Chancellors' Committee The University of Canterbury *Updates* There are no updates available at this time.</marc:subfield>
      </marc:datafield>
      <marc:datafield tag="546" ind1=" " ind2=" ">
         <marc:subfield code="a">English</marc:subfield>
      </marc:datafield>
      <marc:datafield tag="655" ind1="7" ind2=" ">
         <marc:subfield code="a">Text</marc:subfield>
         <marc:subfield code="2">DCMI Type</marc:subfield>
      </marc:datafield>
      <marc:datafield tag="700" ind1="1" ind2="0">
         <marc:subfield code="a">Kuiper, Koenraad</marc:subfield>
      </marc:datafield>
      <marc:datafield tag="700" ind1="1" ind2="0">
         <marc:subfield code="a">McCann, Heather</marc:subfield>
      </marc:datafield>
      <marc:datafield tag="700" ind1="1" ind2="0">
         <marc:subfield code="a">Quinn, Heidi</marc:subfield>
      </marc:datafield>
      <marc:datafield tag="700" ind1="1" ind2="0">
         <marc:subfield code="a">Aitchison, Therese</marc:subfield>
      </marc:datafield>
      <marc:datafield tag="700" ind1="1" ind2="0">
         <marc:subfield code="a">van der Veer, Kees</marc:subfield>
      </marc:datafield>
   </marc:record>