
   <marc:record>
      <marc:leader>     nmm a22     3i 4500</marc:leader>
      <marc:controlfield tag="006">m     o  u        </marc:controlfield>
      <marc:controlfield tag="007">cu ||||||u||||</marc:controlfield>
      <marc:controlfield tag="008">      s2003    pau        u        mul d</marc:controlfield>
      <marc:datafield tag="020" ind1=" " ind2=" ">
         <marc:subfield code="a">1585632694</marc:subfield>
      </marc:datafield>
      <marc:datafield tag="024" ind1="8" ind2=" ">
         <marc:subfield code="a">LDC2003V01</marc:subfield>
      </marc:datafield>
      <marc:datafield tag="024" ind1="8" ind2=" ">
         <marc:subfield code="a">ISLRN: 685-159-396-611-7</marc:subfield>
      </marc:datafield>
      <marc:datafield tag="042" ind1=" " ind2=" ">
         <marc:subfield code="a">dc</marc:subfield>
      </marc:datafield>
      <marc:datafield tag="245" ind1="0" ind2="0">
         <marc:subfield code="a">FORM2 Kinematic Gesture</marc:subfield>
      </marc:datafield>
      <marc:datafield tag="264" ind1=" " ind2=" ">
         <marc:subfield code="a">[Philadelphia, Pennsylvania]: </marc:subfield>
         <marc:subfield code="b">Linguistic Data Consortium, </marc:subfield>
         <marc:subfield code="c">[2003]</marc:subfield>
      </marc:datafield>
      <marc:datafield tag="500" ind1=" " ind2=" ">
         <marc:subfield code="a">LDC2003V01</marc:subfield>
      </marc:datafield>
      <marc:datafield tag="500" ind1=" " ind2=" ">
         <marc:subfield code="a">https://catalog.ldc.upenn.edu/LDC2003V01</marc:subfield>
      </marc:datafield>
      <marc:datafield tag="520" ind1=" " ind2=" ">
         <marc:subfield code="a">*Introduction* FORM2 Kinematic Gesture was produced by the Linguistic Data Consortium. FORM is a gesture annotation scheme designed to capture the kinematic information in gesture from videos of speakers. This publication is a detailed database of gesture-annotated videos stored in the Anvil and FORM file formats. FORM encodes the "phonetics" of gesture by giving geometric descriptions of location and movement of the right and left arms. Other kinematic information such as effort and shape are also recorded. *Data* There are a total of 24 data files: eight movie files, eight Anvil files, and eight Form files. The movie files represent 12 minutes of audio and video recordings excerpted from a lecture given by Brian MacWhinney on January 24, 2000 at Carnegie Mellon University. These video recordings were chosen because they are part of the NSF-funded Talkbank project. The video format is as follows: Size 360 x 240 pixels Compression H.261 Data rate 696 K/sec Video rate 29.82 fps Audio rate 48.000 kHz Audio format 8-bit stereo The gesture annotations were created using the FORM 2.0 tag set. The Anvil annotation files used in their creation, augmented with FORM 1.0 data, are also included. (FORM1 data will be the subject of a separate publication to be released in the near future). FORM1 values that are not included in the FORM2 spec are not included in the publication. A full description of the FORM tag set with explanations of each value can be found in the documentation. *Sponsorship* This research was conducted using funding from the following grant sources: ISLE - 9910603 NSF: TalkBank (via subcontract from Carnegie Mellon University) - BCS-998009 and BCS-9978056 NSF: Discourse and Gesture - EIA98-09209 *Updates* There are no updates available at this time. *Note* The cost of the first 50 copies of this publication (not counting the copies distributed to LDC members) is covered by the sponsoring grants, and therefore free of charge to qualified researchers; a $30 shipping and handling fee applies. After these first 50 copies are distributed, additional copies will be available for the production cost of $500.</marc:subfield>
      </marc:datafield>
      <marc:datafield tag="546" ind1=" " ind2=" ">
         <marc:subfield code="a">English</marc:subfield>
      </marc:datafield>
      <marc:datafield tag="655" ind1="7" ind2=" ">
         <marc:subfield code="a">MovingImage</marc:subfield>
         <marc:subfield code="2">DCMI Type</marc:subfield>
      </marc:datafield>
      <marc:datafield tag="700" ind1="1" ind2="0">
         <marc:subfield code="a">Martell, Craig</marc:subfield>
      </marc:datafield>
      <marc:datafield tag="700" ind1="1" ind2="0">
         <marc:subfield code="a">Howard, Paul</marc:subfield>
      </marc:datafield>
      <marc:datafield tag="700" ind1="1" ind2="0">
         <marc:subfield code="a">Osborn, Chris</marc:subfield>
      </marc:datafield>
      <marc:datafield tag="700" ind1="1" ind2="0">
         <marc:subfield code="a">Britt, Lisa</marc:subfield>
      </marc:datafield>
      <marc:datafield tag="700" ind1="1" ind2="0">
         <marc:subfield code="a">Myers, Kari</marc:subfield>
      </marc:datafield>
   </marc:record>