
   <marc:record>
      <marc:leader>     nmm a22     3i 4500</marc:leader>
      <marc:controlfield tag="006">m     o  u        </marc:controlfield>
      <marc:controlfield tag="007">cu ||||||u||||</marc:controlfield>
      <marc:controlfield tag="008">      s2004    pau        u        mul d</marc:controlfield>
      <marc:datafield tag="024" ind1="8" ind2=" ">
         <marc:subfield code="a">LDC2004L01</marc:subfield>
      </marc:datafield>
      <marc:datafield tag="024" ind1="8" ind2=" ">
         <marc:subfield code="a">ISLRN: 031-806-130-080-1</marc:subfield>
      </marc:datafield>
      <marc:datafield tag="042" ind1=" " ind2=" ">
         <marc:subfield code="a">dc</marc:subfield>
      </marc:datafield>
      <marc:datafield tag="245" ind1="0" ind2="0">
         <marc:subfield code="a">Klex: Finite-State Lexical Transducer for Korean</marc:subfield>
      </marc:datafield>
      <marc:datafield tag="264" ind1=" " ind2=" ">
         <marc:subfield code="a">[Philadelphia, Pennsylvania]: </marc:subfield>
         <marc:subfield code="b">Linguistic Data Consortium, </marc:subfield>
         <marc:subfield code="c">[2004]</marc:subfield>
      </marc:datafield>
      <marc:datafield tag="500" ind1=" " ind2=" ">
         <marc:subfield code="a">LDC2004L01</marc:subfield>
      </marc:datafield>
      <marc:datafield tag="500" ind1=" " ind2=" ">
         <marc:subfield code="a">https://catalog.ldc.upenn.edu/LDC2004L01</marc:subfield>
      </marc:datafield>
      <marc:datafield tag="520" ind1=" " ind2=" ">
         <marc:subfield code="a">*Introduction* Klex: Finite-State Lexical Transducer for Korean was produced by Linguistic Data Consortium (LDC) catalog number LDC2004L01 and ISBN 1-58563-283-x. Klex is a finite-state lexical transducer for the Korean language, with the lexical string on the upper side and the inflected surface string on the lower side. Klex was developed on the XFST (Xerox Finite State Tool) software platform, developed and distributed by the Xerox Corporation. The most common application for such lexical transducers is morphological analysis and generation. *Data* The distribution consists of ~7,8MB. Characters in Hangul (Korean alphabet) can be displayed by selecting Korean encoding in your brower. A lexicon in the form of a transducer has the following basic structure: fly/VV+s/ECS /VV+/EPF+/EFN | | flies  A sequence of morphemes along with the respective part-of-speech constitutes the upper string; a fully lexicalized form constitutes the lower string. A transducer network as a whole consists of all such possible morpheme sequence / word pairs in the language. Given the lower lexicalized form, the transducer can produce the analyzed morpheme sequence (the process of "looking-up"); conversely, the transducer can be used in producing the fully inflected surface form of grammatical sequence of morphemes (opposite of "looking-up," hence Xerox's terminology of "looking-down"). These two operations are the most typical applications of such lexical transducers, namely morphological analysis and generation. Output of Klex when used as a morphological analyzer is compatible with the Morphologically Annotated Korean Text corpus. It also conforms to the Korean Treebank POS annotation standards, with slight variation. The Korean morphological grammar employed by Klex was constructed by Na-Rae Han, under the guidance of Ken Beesley, Lauri Karttunen and Martha Palmer. The lexicon was fine-tuned by testing against various corpora, by fixing undesirable outputs and adding missing lexical entries. Klex was partially supported by the Korean Treebank Project, whose result was published in 2002 as the Korean English Treebank Annotations. *Samples* Please view these examples of the analyzer: * Small text from "Little Prince" * Tokenized text * Tokenized and romanized text * Sample output of morphological analyzer *Updates* There are no updates available at this time. *Sponsorship* The Klex corpus was funded in part through a five-year grant (BCS-998009, KDI, SBE) from the National Science Foundation via TalkBank, an interdisciplinary project to foster research and development in communicative behavior by providing tools and standards for analysis and distribution of language data. Additional funding was provided by Linguistic Data Consortium. *Note* The cost of the first 50 copies of this publication (not counting the copies distributed to LDC members) is covered by NSF Grant Number BCS-998009, and therefore free of charge. After these first 50 copies are distributed, additional copies will be available for the cost of $2000.</marc:subfield>
      </marc:datafield>
      <marc:datafield tag="546" ind1=" " ind2=" ">
         <marc:subfield code="a">Korean</marc:subfield>
      </marc:datafield>
      <marc:datafield tag="655" ind1="7" ind2=" ">
         <marc:subfield code="a">Text</marc:subfield>
         <marc:subfield code="2">DCMI Type</marc:subfield>
      </marc:datafield>
      <marc:datafield tag="700" ind1="1" ind2="0">
         <marc:subfield code="a">Han, Na-Rae</marc:subfield>
      </marc:datafield>
   </marc:record>