
   <marc:record>
      <marc:leader>     nmm a22     3i 4500</marc:leader>
      <marc:controlfield tag="006">m     o  u        </marc:controlfield>
      <marc:controlfield tag="007">cu ||||||u||||</marc:controlfield>
      <marc:controlfield tag="008">      s2004    pau        u        mul d</marc:controlfield>
      <marc:datafield tag="020" ind1=" " ind2=" ">
         <marc:subfield code="a">1585632805</marc:subfield>
      </marc:datafield>
      <marc:datafield tag="024" ind1="8" ind2=" ">
         <marc:subfield code="a">LDC2004S01</marc:subfield>
      </marc:datafield>
      <marc:datafield tag="024" ind1="8" ind2=" ">
         <marc:subfield code="a">ISLRN: 767-326-222-377-6</marc:subfield>
      </marc:datafield>
      <marc:datafield tag="042" ind1=" " ind2=" ">
         <marc:subfield code="a">dc</marc:subfield>
      </marc:datafield>
      <marc:datafield tag="245" ind1="0" ind2="0">
         <marc:subfield code="a">Czech Broadcast News Speech</marc:subfield>
      </marc:datafield>
      <marc:datafield tag="264" ind1=" " ind2=" ">
         <marc:subfield code="a">[Philadelphia, Pennsylvania]: </marc:subfield>
         <marc:subfield code="b">Linguistic Data Consortium, </marc:subfield>
         <marc:subfield code="c">[2004]</marc:subfield>
      </marc:datafield>
      <marc:datafield tag="500" ind1=" " ind2=" ">
         <marc:subfield code="a">LDC2004S01</marc:subfield>
      </marc:datafield>
      <marc:datafield tag="500" ind1=" " ind2=" ">
         <marc:subfield code="a">https://catalog.ldc.upenn.edu/LDC2004S01</marc:subfield>
      </marc:datafield>
      <marc:datafield tag="520" ind1=" " ind2=" ">
         <marc:subfield code="a">*Introduction* Czech Broadcast News Speech contains audio recordings collected from three Czech radio stations (Cesky rozhlas 1 Radiozurnal - CRo1, Cesky rozhlas 2 Praha - CRo2, Cesky rozhlas 3 Vltava - CRo3) and two TV channels (Ceska televize - CTV and Prima TV - Prima). The audio was recorded between February 1 and April 22, 2000, at the Department of Cybernetics, University of West Bohemia in Pilsen. The corpus was created to support the development of large vocabulary speaker independent speech recognition systems for Czech. *Data* There are 286 audio files, totaling approximately 50 hours of broadcast news. The news does not contain weather forecasts, sports news, or traffic announcements. The audio files are single-channel, 22.05 kHz, 16 bit linear wav files. The stations, channels, number of files and number of hours are listed below: Radio Source Files Hours CRo1 138 30.8 CRo2 90 7.8 CRo3 14 2 TV Source Files Hours CTV 22 5.1 Prima 22 4.2 The corresponding transcripts are available as Czech Broadcast News Transcripts. The transcripts were created by native Czech speakers working at the Department of Cybernetics, University of West Bohemia in Pilsen, under the direction of Vlasta Radova. The transcription was done using software provided by the LDC (Transcriber 1.4.1). Those parts of the audio recordings that do not contain speech or where the signal was disrupted were not transcribed. As a consequence, the corpus contains about 23 hours of transcribed speech. The transcriptions are provided in both the ISO-8859-2 and Windows-1250 character set. *Samples* Please listen to this audio sample. *Sponsorship* The completion of this corpus was facilitated by funding provided by the Ministry of Education of the Czech Republic (Grants No. MSM235200004 and LN00A063) and by the National Science Foundation (NSF) project no. IIS-9820687 entitled "1999 Language Engineering Workshop for Students and Professionals: Integrating Research and Education (WS99)" under the agreement no. 8004-48231 between the Johns Hopkins University, Baltimore, Maryland, and the University of West Bohemia in Pilsen, Czech Republic. *Updates* There are no updates available at this time.</marc:subfield>
      </marc:datafield>
      <marc:datafield tag="546" ind1=" " ind2=" ">
         <marc:subfield code="a">Czech</marc:subfield>
      </marc:datafield>
      <marc:datafield tag="655" ind1="7" ind2=" ">
         <marc:subfield code="a">Sound</marc:subfield>
         <marc:subfield code="2">DCMI Type</marc:subfield>
      </marc:datafield>
      <marc:datafield tag="700" ind1="1" ind2="0">
         <marc:subfield code="a">Radova, Vlasta</marc:subfield>
      </marc:datafield>
      <marc:datafield tag="700" ind1="1" ind2="0">
         <marc:subfield code="a">Psutka, Josef</marc:subfield>
      </marc:datafield>
      <marc:datafield tag="700" ind1="1" ind2="0">
         <marc:subfield code="a">Muller, Ludek</marc:subfield>
      </marc:datafield>
      <marc:datafield tag="700" ind1="1" ind2="0">
         <marc:subfield code="a">Byrne, William</marc:subfield>
      </marc:datafield>
      <marc:datafield tag="700" ind1="1" ind2="0">
         <marc:subfield code="a">Psutka, J.V.</marc:subfield>
      </marc:datafield>
      <marc:datafield tag="700" ind1="1" ind2="0">
         <marc:subfield code="a">Ircing, Pavel</marc:subfield>
      </marc:datafield>
      <marc:datafield tag="700" ind1="1" ind2="0">
         <marc:subfield code="a">Matousek, Jindrich</marc:subfield>
      </marc:datafield>
   </marc:record>