
   <marc:record>
      <marc:leader>     nmm a22     3i 4500</marc:leader>
      <marc:controlfield tag="006">m     o  u        </marc:controlfield>
      <marc:controlfield tag="007">cu ||||||u||||</marc:controlfield>
      <marc:controlfield tag="008">      s2004    pau        u        mul d</marc:controlfield>
      <marc:datafield tag="020" ind1=" " ind2=" ">
         <marc:subfield code="a">1585632856</marc:subfield>
      </marc:datafield>
      <marc:datafield tag="024" ind1="8" ind2=" ">
         <marc:subfield code="a">LDC2004S02</marc:subfield>
      </marc:datafield>
      <marc:datafield tag="024" ind1="8" ind2=" ">
         <marc:subfield code="a">ISLRN: 723-437-529-684-1</marc:subfield>
      </marc:datafield>
      <marc:datafield tag="042" ind1=" " ind2=" ">
         <marc:subfield code="a">dc</marc:subfield>
      </marc:datafield>
      <marc:datafield tag="245" ind1="0" ind2="0">
         <marc:subfield code="a">ICSI Meeting Speech</marc:subfield>
      </marc:datafield>
      <marc:datafield tag="264" ind1=" " ind2=" ">
         <marc:subfield code="a">[Philadelphia, Pennsylvania]: </marc:subfield>
         <marc:subfield code="b">Linguistic Data Consortium, </marc:subfield>
         <marc:subfield code="c">[2004]</marc:subfield>
      </marc:datafield>
      <marc:datafield tag="500" ind1=" " ind2=" ">
         <marc:subfield code="a">LDC2004S02</marc:subfield>
      </marc:datafield>
      <marc:datafield tag="500" ind1=" " ind2=" ">
         <marc:subfield code="a">https://catalog.ldc.upenn.edu/LDC2004S02</marc:subfield>
      </marc:datafield>
      <marc:datafield tag="520" ind1=" " ind2=" ">
         <marc:subfield code="a">*Introduction* ICSI Meeting Speech was produced by Linguistic Data Consortium (LDC) catalog number LDC2004S02 and ISBN 1-58563-285-6. The ICSI Meeting corpus is a collection of 75 meetings collected at the International Computer Science Institute in Berkeley during the years 2000-2002. The meetings included are "natural" meetings in the sense that they would have occurred anyway: they are generally regular weekly meetings of various ICSI working teams, including the team working on the ICSI Meeting Project. In recording meetings of this type, we hoped to capture meeting dynamics and speaking styles that are as natural as possible given that speakers are wearing close-talking microphones and are fully cognizant of the recording process. The speech files range in length from 17 to 103 minutes, but generally run just under an hour each. Word-level orthographic transcriptions are available as ICSI Meeting Transcripts. *Data* The collection includes 922 speech files, for a total of approximately 72 hours of Meeting Room speech. The speech is structured as one subdirectory per meeting, containing wavefiles for each channel (and possible .blp file, specifying any censored intervals). The audio was collected at a 48 kHZ sample-rate, downsampled on the fly to 16 kHz. Audio files for each meeting are provided as separate time-synchronous recordings for each channel, encoded as 16-bit linear (big-endian) wavefiles, shorten-compressed in NIST SPHERE format. The meetings were simultaneously recorded using close-talking microphones for each speaker (generally head-mounted, but early meetings contain some lapel microphones), as well as six table-top microphones: four high-quality omnidirectional PZM microphones arrayed down the center of the conference table, and two inexpensive microphone elements mounted on a mock PDA. All meetings were recorded in the same instrumented meeting room. In addition to recording the meetings themselves, the participants were also asked to read digit strings, similar to those found in TIDIGITS, at the start or end of the meeting. This small-vocabulary read-speech component of the recordings -- using the same meeting room, speakers, and microphones -- provides a valuable supplement to the natural conversational data, allowing a factorization of the speech challenges offered by the corpus. For all but a dozen of the meetings included in the corpus, at least some of the participants read digit strings; for the great majority of meetings, all participants did. The digit readings are included as part of the wavefiles for the meeting as a whole and are fully transcribed as part of the associated transcripts. There are a total of 53 unique speakers in the corpus. Meetings involved anywhere from three to 10 participants, averaging six. The corpus contains a significant proportion of non-native English speakers, varying in fluency from nearly-native to challenging-to-transcribe. *Sponsorship* The collection and preparation of this corpus was made possible in large part through funding from DARPA, both through the Communicator project and through a ROAR "seedling," the Swiss IM2 project (National Centre of Competence in Research, sponsored by the Swiss National Science Foundation), and a supplementary award from IBM. *Updates* There are no updates available at this time. More information is available at http://www.ICSI.Berkeley.EDU/Speech/mr.</marc:subfield>
      </marc:datafield>
      <marc:datafield tag="546" ind1=" " ind2=" ">
         <marc:subfield code="a">English</marc:subfield>
      </marc:datafield>
      <marc:datafield tag="655" ind1="7" ind2=" ">
         <marc:subfield code="a">Sound</marc:subfield>
         <marc:subfield code="2">DCMI Type</marc:subfield>
      </marc:datafield>
      <marc:datafield tag="700" ind1="1" ind2="0">
         <marc:subfield code="a">Janin, Adam</marc:subfield>
      </marc:datafield>
      <marc:datafield tag="700" ind1="1" ind2="0">
         <marc:subfield code="a">Edwards, Jane</marc:subfield>
      </marc:datafield>
      <marc:datafield tag="700" ind1="1" ind2="0">
         <marc:subfield code="a">Ellis, Dan</marc:subfield>
      </marc:datafield>
      <marc:datafield tag="700" ind1="1" ind2="0">
         <marc:subfield code="a">Gelbart, David</marc:subfield>
      </marc:datafield>
      <marc:datafield tag="700" ind1="1" ind2="0">
         <marc:subfield code="a">Morgan, Nelson</marc:subfield>
      </marc:datafield>
      <marc:datafield tag="700" ind1="1" ind2="0">
         <marc:subfield code="a">Peskin, Barbara</marc:subfield>
      </marc:datafield>
      <marc:datafield tag="700" ind1="1" ind2="0">
         <marc:subfield code="a">Pfau, Thilo</marc:subfield>
      </marc:datafield>
      <marc:datafield tag="700" ind1="1" ind2="0">
         <marc:subfield code="a">Shriberg, Elizabeth</marc:subfield>
      </marc:datafield>
      <marc:datafield tag="700" ind1="1" ind2="0">
         <marc:subfield code="a">Stolcke, Andreas</marc:subfield>
      </marc:datafield>
      <marc:datafield tag="700" ind1="1" ind2="0">
         <marc:subfield code="a">Wooters, Chuck</marc:subfield>
      </marc:datafield>
   </marc:record>