
   <marc:record>
      <marc:leader>     nmm a22     3i 4500</marc:leader>
      <marc:controlfield tag="006">m     o  u        </marc:controlfield>
      <marc:controlfield tag="007">cu ||||||u||||</marc:controlfield>
      <marc:controlfield tag="008">      s2004    pau        u        mul d</marc:controlfield>
      <marc:datafield tag="020" ind1=" " ind2=" ">
         <marc:subfield code="a">1585632945</marc:subfield>
      </marc:datafield>
      <marc:datafield tag="024" ind1="8" ind2=" ">
         <marc:subfield code="a">LDC2004S05</marc:subfield>
      </marc:datafield>
      <marc:datafield tag="024" ind1="8" ind2=" ">
         <marc:subfield code="a">ISLRN: 459-840-211-562-6</marc:subfield>
      </marc:datafield>
      <marc:datafield tag="042" ind1=" " ind2=" ">
         <marc:subfield code="a">dc</marc:subfield>
      </marc:datafield>
      <marc:datafield tag="245" ind1="0" ind2="0">
         <marc:subfield code="a">ISL Meeting Speech Part 1</marc:subfield>
      </marc:datafield>
      <marc:datafield tag="264" ind1=" " ind2=" ">
         <marc:subfield code="a">[Philadelphia, Pennsylvania]: </marc:subfield>
         <marc:subfield code="b">Linguistic Data Consortium, </marc:subfield>
         <marc:subfield code="c">[2004]</marc:subfield>
      </marc:datafield>
      <marc:datafield tag="500" ind1=" " ind2=" ">
         <marc:subfield code="a">LDC2004S05</marc:subfield>
      </marc:datafield>
      <marc:datafield tag="500" ind1=" " ind2=" ">
         <marc:subfield code="a">https://catalog.ldc.upenn.edu/LDC2004S05</marc:subfield>
      </marc:datafield>
      <marc:datafield tag="520" ind1=" " ind2=" ">
         <marc:subfield code="a">*Introduction* ISL Meeting Speech Part 1 was produced by Linguistic Data Consortium (LDC) catalog number LDC2004S05 and ISBN 1-58563-294-5. The ISL Meeting Speech Part 1 is a first subset of the ISL Meeting Corpus (112 meetings). It contains 18 meetings collected at the Interactive Systems Laboratories at Carnegie Mellon University in Pittsburgh, PA during the years 2000-2001. The recorded meetings were either natural meetings where participants needed to meet in the real world, or artificial meetings, which were designed explicitly for the purposes of data collection but still had real topics and tasks. The duration of the meetings in this corpus ranges from eight to 64 minutes and averages at 34 minutes. Word-level orthographic transcriptions are available as ISL Meeting Transcripts Part 1. The transcriptions are available as ISL Meeting Transcripts Part 1. *Data* The collection includes 105 speech files, for a total of approximately 10 hours of meeting speech. The speech for each meeting consists of wave files for each channel and a wave file containing a mix of all channels. The audio was collected at a 16 kHz sample-rate. Audio files for each meeting are provided as separate time-synchronous recordings for each channel, encoded as 16-bit (little-endian) wave files. During meeting recordings, each speaker wore an individual lapel microphone and was recorded via an Alesis 8-channel mix board and an ECHO Layla 8-channel sound card. This setup was designed to obtain a consumer- or application-style sound quality. All meetings were recorded in the same instrumented meeting area. For an example transcript, please click here. There are a total of 31 unique speakers in the corpus. Meetings involved anywhere from three to nine participants, averaging at five. The corpus contains a significant proportion of non-native English speakers, varying in fluency. *Sponsorship* The collection and preparation of this corpus was made possible in large part through funding from DARPA, both through the GENOA project and through ROAR. *Updates* Additional information, updates, bug fixes may be avaibale on the ISL Meeting Room project page.</marc:subfield>
      </marc:datafield>
      <marc:datafield tag="546" ind1=" " ind2=" ">
         <marc:subfield code="a">English</marc:subfield>
      </marc:datafield>
      <marc:datafield tag="655" ind1="7" ind2=" ">
         <marc:subfield code="a">Sound</marc:subfield>
         <marc:subfield code="2">DCMI Type</marc:subfield>
      </marc:datafield>
      <marc:datafield tag="700" ind1="1" ind2="0">
         <marc:subfield code="a">Burger, Susanne</marc:subfield>
      </marc:datafield>
      <marc:datafield tag="700" ind1="1" ind2="0">
         <marc:subfield code="a">MacLaren, Victoria</marc:subfield>
      </marc:datafield>
      <marc:datafield tag="700" ind1="1" ind2="0">
         <marc:subfield code="a">Waibel, Alex</marc:subfield>
      </marc:datafield>
   </marc:record>