
   <marc:record>
      <marc:leader>     nmm a22     3i 4500</marc:leader>
      <marc:controlfield tag="006">m     o  u        </marc:controlfield>
      <marc:controlfield tag="007">cu ||||||u||||</marc:controlfield>
      <marc:controlfield tag="008">      s2004    pau        u        mul d</marc:controlfield>
      <marc:datafield tag="020" ind1=" " ind2=" ">
         <marc:subfield code="a">1585632864</marc:subfield>
      </marc:datafield>
      <marc:datafield tag="024" ind1="8" ind2=" ">
         <marc:subfield code="a">LDC2004T04</marc:subfield>
      </marc:datafield>
      <marc:datafield tag="024" ind1="8" ind2=" ">
         <marc:subfield code="a">ISLRN: 295-380-961-299-0</marc:subfield>
      </marc:datafield>
      <marc:datafield tag="042" ind1=" " ind2=" ">
         <marc:subfield code="a">dc</marc:subfield>
      </marc:datafield>
      <marc:datafield tag="245" ind1="0" ind2="0">
         <marc:subfield code="a">ICSI Meeting Transcripts</marc:subfield>
      </marc:datafield>
      <marc:datafield tag="264" ind1=" " ind2=" ">
         <marc:subfield code="a">[Philadelphia, Pennsylvania]: </marc:subfield>
         <marc:subfield code="b">Linguistic Data Consortium, </marc:subfield>
         <marc:subfield code="c">[2004]</marc:subfield>
      </marc:datafield>
      <marc:datafield tag="500" ind1=" " ind2=" ">
         <marc:subfield code="a">LDC2004T04</marc:subfield>
      </marc:datafield>
      <marc:datafield tag="500" ind1=" " ind2=" ">
         <marc:subfield code="a">https://catalog.ldc.upenn.edu/LDC2004T04</marc:subfield>
      </marc:datafield>
      <marc:datafield tag="520" ind1=" " ind2=" ">
         <marc:subfield code="a">*Introduction* ICSI Meeting Transcripts was produced by Linguistic Data Consortium (LDC) catalog number LDC2004T04 and ISBN 1-58563-286-4. The ICSI Meeting corpus is a collection of 75 meetings collected at the International Computer Science Institute in Berkeley during the years 2000-2002. The meetings included are "natural" meetings in the sense that they would have occurred anyway: they are generally regular weekly meetings of various ICSI working teams, including the team working on the ICSI Meeting Project. In recording meetings of this type, we hoped to capture meeting dynamics and speaking styles that are as natural as possible given that speakers are wearing close-talking microphones and are fully cognizant of the recording process. The speech files range in length from 17 to 103 minutes, but generally run just under an hour each. The speech files are available as ICSI Meeting Speech. *Data* This corpus consists of 75 word-level transcripts (one transcript file per meeting), time-synchronized to digitized audio recordings. There are approximately 795 K-words and 13K unique words in the transcripts. The meetings were recorded with close-talking and far-field microphones. The transcripts were based mostly on the close-talking microphones, either separately or blended together in a so-called "mixed" channel. The focus of the transcripts was on capturing the flow of audible events, especially the words which were spoken, and who spoke them. Transcripts were prepared by means of the "Channeltrans" interface. Channeltrans is an extension of the "Transcriber" interface. There are a total of 53 unique speakers in the corpus. Meetings involved anywhere from three to 10 participants, averaging six. The corpus contains a significant proportion of non-native English speakers, varying in fluency from nearly-native to challenging-to-transcribe. *Sponsorship* The collection and preparation of this corpus was made possible in large part through funding from DARPA, both through the Communicator project and through a ROAR "seedling," the Swiss IM2 project (National Centre of Competence in Research, sponsored by the Swiss National Science Foundation), and a supplementary award from IBM. *Updates* There are no updates available at this time. More information is available at http://www.ICSI.Berkeley.EDU/Speech/mr.</marc:subfield>
      </marc:datafield>
      <marc:datafield tag="546" ind1=" " ind2=" ">
         <marc:subfield code="a">English</marc:subfield>
      </marc:datafield>
      <marc:datafield tag="655" ind1="7" ind2=" ">
         <marc:subfield code="a">Text</marc:subfield>
         <marc:subfield code="2">DCMI Type</marc:subfield>
      </marc:datafield>
      <marc:datafield tag="700" ind1="1" ind2="0">
         <marc:subfield code="a">Janin, Adam</marc:subfield>
      </marc:datafield>
      <marc:datafield tag="700" ind1="1" ind2="0">
         <marc:subfield code="a">Edwards, Jane</marc:subfield>
      </marc:datafield>
      <marc:datafield tag="700" ind1="1" ind2="0">
         <marc:subfield code="a">Ellis, Dan</marc:subfield>
      </marc:datafield>
      <marc:datafield tag="700" ind1="1" ind2="0">
         <marc:subfield code="a">Gelbart, David</marc:subfield>
      </marc:datafield>
      <marc:datafield tag="700" ind1="1" ind2="0">
         <marc:subfield code="a">Morgan, Nelson</marc:subfield>
      </marc:datafield>
      <marc:datafield tag="700" ind1="1" ind2="0">
         <marc:subfield code="a">Peskin, Barbara</marc:subfield>
      </marc:datafield>
      <marc:datafield tag="700" ind1="1" ind2="0">
         <marc:subfield code="a">Pfau, Thilo</marc:subfield>
      </marc:datafield>
      <marc:datafield tag="700" ind1="1" ind2="0">
         <marc:subfield code="a">Shriberg, Elizabeth</marc:subfield>
      </marc:datafield>
      <marc:datafield tag="700" ind1="1" ind2="0">
         <marc:subfield code="a">Stolcke, Andreas</marc:subfield>
      </marc:datafield>
      <marc:datafield tag="700" ind1="1" ind2="0">
         <marc:subfield code="a">Wooters, Chuck</marc:subfield>
      </marc:datafield>
   </marc:record>