
   <marc:record>
      <marc:leader>     nmm a22     3i 4500</marc:leader>
      <marc:controlfield tag="006">m     o  u        </marc:controlfield>
      <marc:controlfield tag="007">cu ||||||u||||</marc:controlfield>
      <marc:controlfield tag="008">      s2004    pau        u        mul d</marc:controlfield>
      <marc:datafield tag="020" ind1=" " ind2=" ">
         <marc:subfield code="a">1585632988</marc:subfield>
      </marc:datafield>
      <marc:datafield tag="024" ind1="8" ind2=" ">
         <marc:subfield code="a">LDC2004T11</marc:subfield>
      </marc:datafield>
      <marc:datafield tag="024" ind1="8" ind2=" ">
         <marc:subfield code="a">ISLRN: 026-183-445-670-4</marc:subfield>
      </marc:datafield>
      <marc:datafield tag="042" ind1=" " ind2=" ">
         <marc:subfield code="a">dc</marc:subfield>
      </marc:datafield>
      <marc:datafield tag="245" ind1="0" ind2="0">
         <marc:subfield code="a">Arabic Treebank: Part 3 v 1.0</marc:subfield>
      </marc:datafield>
      <marc:datafield tag="264" ind1=" " ind2=" ">
         <marc:subfield code="a">[Philadelphia, Pennsylvania]: </marc:subfield>
         <marc:subfield code="b">Linguistic Data Consortium, </marc:subfield>
         <marc:subfield code="c">[2004]</marc:subfield>
      </marc:datafield>
      <marc:datafield tag="500" ind1=" " ind2=" ">
         <marc:subfield code="a">LDC2004T11</marc:subfield>
      </marc:datafield>
      <marc:datafield tag="500" ind1=" " ind2=" ">
         <marc:subfield code="a">https://catalog.ldc.upenn.edu/LDC2004T11</marc:subfield>
      </marc:datafield>
      <marc:datafield tag="520" ind1=" " ind2=" ">
         <marc:subfield code="a">*Introduction* Arabic Treebank: Part 3 v 1.0 was produced by Linguistic Data Consortium (LDC) catalog number LDC2004T11 and ISBN 1-58563-298-8. This publication is the third part of a corpus of 1,000,000 words of Arabic Treebank, designed to support language resear ch and development of language technology for Modern Standard Arabic. Part one was released in 2003 as Arabic Treebank: Part 1 v 2.0, having the source data extracted from Agence France Press stories. Part two was released in 2004 as Arabic Treebank: Part 2 v 2.0, having the source data extracted from Al-Hayat distributed by Ummah. The current Arabic Treebank: Part 3 v 1.0 corpus consists of stories from An Nahar News Agency. *Data* This corpus includes 600 stories from the An Nahar News Text. There are a total of 340,281 words (counting non-Arabic tokens such as numbers and punctuation) in the 600 files - one story per file. New features of annotation include complete vocalization (including case endings), lemma IDs, and more specific POS tags for verbs and particles. The corpus contains 293,035 Arabic-only word tokens (prior to the separation of clitics), of which 290,842 (99.25%) were provided with an acceptable morphological analysis and POS tag by the morphological parser, and 2,193 (0.75%) were items that the morphological parser failed to analyze correctly. *Samples* Please view the following samples: * sgm Sample * xml Sample * txt Sample *Updates* There are no updates available at this time.</marc:subfield>
      </marc:datafield>
      <marc:datafield tag="546" ind1=" " ind2=" ">
         <marc:subfield code="a">Standard Arabic</marc:subfield>
      </marc:datafield>
      <marc:datafield tag="655" ind1="7" ind2=" ">
         <marc:subfield code="a">Text</marc:subfield>
         <marc:subfield code="2">DCMI Type</marc:subfield>
      </marc:datafield>
      <marc:datafield tag="700" ind1="1" ind2="0">
         <marc:subfield code="a">Maamouri, Mohamed</marc:subfield>
      </marc:datafield>
      <marc:datafield tag="700" ind1="1" ind2="0">
         <marc:subfield code="a">Bies, Ann</marc:subfield>
      </marc:datafield>
      <marc:datafield tag="700" ind1="1" ind2="0">
         <marc:subfield code="a">Buckwalter, Tim</marc:subfield>
      </marc:datafield>
      <marc:datafield tag="700" ind1="1" ind2="0">
         <marc:subfield code="a">Jin, Hubert</marc:subfield>
      </marc:datafield>
   </marc:record>