
   <marc:record>
      <marc:leader>     nmm a22     3i 4500</marc:leader>
      <marc:controlfield tag="006">m     o  u        </marc:controlfield>
      <marc:controlfield tag="007">cu ||||||u||||</marc:controlfield>
      <marc:controlfield tag="008">      s2004    pau        u        mul d</marc:controlfield>
      <marc:datafield tag="020" ind1=" " ind2=" ">
         <marc:subfield code="a">1585633046</marc:subfield>
      </marc:datafield>
      <marc:datafield tag="024" ind1="8" ind2=" ">
         <marc:subfield code="a">LDC2004T14</marc:subfield>
      </marc:datafield>
      <marc:datafield tag="024" ind1="8" ind2=" ">
         <marc:subfield code="a">ISLRN: 874-058-423-080-1</marc:subfield>
      </marc:datafield>
      <marc:datafield tag="042" ind1=" " ind2=" ">
         <marc:subfield code="a">dc</marc:subfield>
      </marc:datafield>
      <marc:datafield tag="245" ind1="0" ind2="0">
         <marc:subfield code="a">Proposition Bank I</marc:subfield>
      </marc:datafield>
      <marc:datafield tag="264" ind1=" " ind2=" ">
         <marc:subfield code="a">[Philadelphia, Pennsylvania]: </marc:subfield>
         <marc:subfield code="b">Linguistic Data Consortium, </marc:subfield>
         <marc:subfield code="c">[2004]</marc:subfield>
      </marc:datafield>
      <marc:datafield tag="500" ind1=" " ind2=" ">
         <marc:subfield code="a">LDC2004T14</marc:subfield>
      </marc:datafield>
      <marc:datafield tag="500" ind1=" " ind2=" ">
         <marc:subfield code="a">https://catalog.ldc.upenn.edu/LDC2004T14</marc:subfield>
      </marc:datafield>
      <marc:datafield tag="520" ind1=" " ind2=" ">
         <marc:subfield code="a">*Introduction* Proposition Bank I was produced by Linguistic Data Consortium (LDC) catalog number LDC2004T14 and ISBN 1-58563-304-6. This is a semantic annotation of the Wall Street Journal section of Treebank-2. More specifically, each verb occurring in the Treebank has been treated as a semantic predicate and the surrounding text has been annotated for arguments and adjuncts of the predicate. The verbs have also been tagged with coarse grained senses and with inflectional information. This work was done in the Computer and Information Sciences Department at the University of Pennsylvania. All data is the result of double blind, adjudicated annotation. *Data* There are two basic components to Propbank: * The Verb Lexicon. A frames file, consisting of one or more frame sets, has been created for each verb occuring in the Treebank. These files serve as a reference for the annotators and for users of the data. 3,324 such files have been created, totalling about 5.5 MB of uncompressed data. * The Annotation. There are approximately 113,000 annotated verb tokens. These verb tokens include all those occurring in over one million words of the Wall Street Journal section of the Penn Treebank, excluding 'be' and auxiliary uses of 'do' and 'have.' There are annotations for over 3,200 unique verbs. These annotations are stored in a single file in standoff format, totalling ~9.6 MB of uncompressed data. *Updates* Please check the Propbank homepage for updates, tools, annotation guidelines, and published papers. *Sponsorship* This work was funded by DoD Grant MDA904-00C-2136, NSF grant IIS-9800658, and the Institute for Research in Cognitive Science at the University of Pennsylvania NSF-STC grant SBR-89-20230.</marc:subfield>
      </marc:datafield>
      <marc:datafield tag="546" ind1=" " ind2=" ">
         <marc:subfield code="a">English</marc:subfield>
      </marc:datafield>
      <marc:datafield tag="655" ind1="7" ind2=" ">
         <marc:subfield code="a">Text</marc:subfield>
         <marc:subfield code="2">DCMI Type</marc:subfield>
      </marc:datafield>
      <marc:datafield tag="700" ind1="1" ind2="0">
         <marc:subfield code="a">Palmer, Martha</marc:subfield>
      </marc:datafield>
      <marc:datafield tag="700" ind1="1" ind2="0">
         <marc:subfield code="a">Kingsbury, Paul</marc:subfield>
      </marc:datafield>
      <marc:datafield tag="700" ind1="1" ind2="0">
         <marc:subfield code="a">Babko-Malaya, Olga</marc:subfield>
      </marc:datafield>
      <marc:datafield tag="700" ind1="1" ind2="0">
         <marc:subfield code="a">Cotton, Scott</marc:subfield>
      </marc:datafield>
      <marc:datafield tag="700" ind1="1" ind2="0">
         <marc:subfield code="a">Snyder, Benjamin</marc:subfield>
      </marc:datafield>
   </marc:record>