
   <marc:record>
      <marc:leader>     nmm a22     3i 4500</marc:leader>
      <marc:controlfield tag="006">m     o  u        </marc:controlfield>
      <marc:controlfield tag="007">cu ||||||u||||</marc:controlfield>
      <marc:controlfield tag="008">      s2004    pau        u        mul d</marc:controlfield>
      <marc:datafield tag="020" ind1=" " ind2=" ">
         <marc:subfield code="a">1585633216</marc:subfield>
      </marc:datafield>
      <marc:datafield tag="024" ind1="8" ind2=" ">
         <marc:subfield code="a">LDC2004T25</marc:subfield>
      </marc:datafield>
      <marc:datafield tag="024" ind1="8" ind2=" ">
         <marc:subfield code="a">ISLRN: 557-838-231-104-8</marc:subfield>
      </marc:datafield>
      <marc:datafield tag="042" ind1=" " ind2=" ">
         <marc:subfield code="a">dc</marc:subfield>
      </marc:datafield>
      <marc:datafield tag="245" ind1="0" ind2="0">
         <marc:subfield code="a">Prague Czech-English Dependency Treebank 1.0</marc:subfield>
      </marc:datafield>
      <marc:datafield tag="264" ind1=" " ind2=" ">
         <marc:subfield code="a">[Philadelphia, Pennsylvania]: </marc:subfield>
         <marc:subfield code="b">Linguistic Data Consortium, </marc:subfield>
         <marc:subfield code="c">[2004]</marc:subfield>
      </marc:datafield>
      <marc:datafield tag="500" ind1=" " ind2=" ">
         <marc:subfield code="a">LDC2004T25</marc:subfield>
      </marc:datafield>
      <marc:datafield tag="500" ind1=" " ind2=" ">
         <marc:subfield code="a">https://catalog.ldc.upenn.edu/LDC2004T25</marc:subfield>
      </marc:datafield>
      <marc:datafield tag="520" ind1=" " ind2=" ">
         <marc:subfield code="a">*Introduction* Prague Czech-English Dependency Treebank 1.0 (PCEDT) was produced by Linguistic Data Consortium (LDC) catalog number LDC2004T25 and ISBN 1-58563-321-6. This corpus was developed at the Center for Computational Linguistics in cooperation with the Institute of Formal and Applied Linguistics. PCEDT 1.0 is a corpus of Czech-English parallel resources suitable for experiments in machine translation, with a special emphasis on dependency-based (structural) translation (with evaluation data provided for Czech-to-English systems). *Data* The core part of PCEDT 1.0 is a Czech translation of 21,600 English sentences from the Wall Street Journal, which are part of the Penn Treebank corpus. Sentences of the Czech translation were automatically morphologically annotated and parsed into two levels (analytical and tectogrammatical) of dependency structures introduced in the theory of Functional Generative Description and closely related to the Prague Dependency Treebank project. The original English sentences were transformed from the Penn Treebank phrase-structure trees into dependency representations. A heldout (development and evaluation) set of 515 sentence pairs was selected and manually annotated on tectogrammatical level in both Czech and English; for the purposes of quantitative evaluation, this set has been retranslated from Czech into English by four different translation companies. PCEDT 1.0 also contains a parallel Czech-English corpus of plain text from Reader's Digest 1993-1996 consisting of 53,000 parallel sentences, and a large monolingual corpus of Czech (2.4 M sentences). The included Czech-English translation dictionary consists of 46,150 translation pairs in its lemmatized version and 496,673 pairs of word forms, where for each entry-translation pair all corresponding word form pairs have been generated. Also included is an English-Czech dictionary provided by Milan Svoboda under GNU/FDL license; this dictionary contains multi-word translations in 115,929 translation pairs. The next version of PCEDT intends to translate the whole Wall Street Journal part of the Penn Treebank, and to include reference retranslations for Czech. As the manual for tectogrammatical annotation of English gets created, the proportion of manually annotated data will increase. *Sponsorship* PCEDT 1.0 has been supported by the following grants and projects: * Ministry of Education of the Czech Republic project No. LN00A063 (Center for Computational Linguistics) * National Science Foundation grant No. IIS-0121285 *Updates* There are no updates available at this time.</marc:subfield>
      </marc:datafield>
      <marc:datafield tag="546" ind1=" " ind2=" ">
         <marc:subfield code="a">Czech</marc:subfield>
      </marc:datafield>
      <marc:datafield tag="546" ind1=" " ind2=" ">
         <marc:subfield code="a">English</marc:subfield>
      </marc:datafield>
      <marc:datafield tag="655" ind1="7" ind2=" ">
         <marc:subfield code="a">Text</marc:subfield>
         <marc:subfield code="2">DCMI Type</marc:subfield>
      </marc:datafield>
      <marc:datafield tag="700" ind1="1" ind2="0">
         <marc:subfield code="a">Curin, Jan</marc:subfield>
      </marc:datafield>
      <marc:datafield tag="700" ind1="1" ind2="0">
         <marc:subfield code="a">Cmejrek, Martin</marc:subfield>
      </marc:datafield>
      <marc:datafield tag="700" ind1="1" ind2="0">
         <marc:subfield code="a">Havelka, Ji</marc:subfield>
      </marc:datafield>
      <marc:datafield tag="700" ind1="1" ind2="0">
         <marc:subfield code="a">Haji, Jan</marc:subfield>
      </marc:datafield>
      <marc:datafield tag="700" ind1="1" ind2="0">
         <marc:subfield code="a">Kubon, Vladislav</marc:subfield>
      </marc:datafield>
      <marc:datafield tag="700" ind1="1" ind2="0">
         <marc:subfield code="a">abokrtsk, Zdenk</marc:subfield>
      </marc:datafield>
   </marc:record>