
   <marc:record>
      <marc:leader>     nmm a22     3i 4500</marc:leader>
      <marc:controlfield tag="006">m     o  u        </marc:controlfield>
      <marc:controlfield tag="007">cu ||||||u||||</marc:controlfield>
      <marc:controlfield tag="008">      s2005    pau        u        mul d</marc:controlfield>
      <marc:datafield tag="020" ind1=" " ind2=" ">
         <marc:subfield code="a">1585633739</marc:subfield>
      </marc:datafield>
      <marc:datafield tag="024" ind1="8" ind2=" ">
         <marc:subfield code="a">LDC2005T29</marc:subfield>
      </marc:datafield>
      <marc:datafield tag="024" ind1="8" ind2=" ">
         <marc:subfield code="a">ISLRN: 721-717-066-331-5</marc:subfield>
      </marc:datafield>
      <marc:datafield tag="042" ind1=" " ind2=" ">
         <marc:subfield code="a">dc</marc:subfield>
      </marc:datafield>
      <marc:datafield tag="245" ind1="0" ind2="0">
         <marc:subfield code="a">HARD 2004 Topics and Annotations</marc:subfield>
      </marc:datafield>
      <marc:datafield tag="264" ind1=" " ind2=" ">
         <marc:subfield code="a">[Philadelphia, Pennsylvania]: </marc:subfield>
         <marc:subfield code="b">Linguistic Data Consortium, </marc:subfield>
         <marc:subfield code="c">[2005]</marc:subfield>
      </marc:datafield>
      <marc:datafield tag="500" ind1=" " ind2=" ">
         <marc:subfield code="a">LDC2005T29</marc:subfield>
      </marc:datafield>
      <marc:datafield tag="500" ind1=" " ind2=" ">
         <marc:subfield code="a">https://catalog.ldc.upenn.edu/LDC2005T29</marc:subfield>
      </marc:datafield>
      <marc:datafield tag="520" ind1=" " ind2=" ">
         <marc:subfield code="a">*Introduction* HARD 2004 Topics and Annotations contains topics and annotations (clarification forms, responses and relevance assessments) for the 2004 TREC HARD (High Accuracy Retrieval from Documents) Evaluation. HARD 2004 was a track within the NIST Text REtrieval Conference (TREC), with the objective of achieving high accuracy retrieval from documents by leveraging additional information about the searcher and/or the search context, through techniques like passage retrieval and the use of targeted interaction with the searcher. The current corpus was previously distributed to HARD Participants as LDC2004E42 and LDC2005E17. The source data that corresponds to this release is distributed as LDC2005T28, HARD 2004 Text. This corpus was created with support from the DARPA TIDES Program and LDC. *Data* Three major annotation tasks are represented in this release: Topic Creation, Clarification Form Responses, and Relevance Assessment. Topics include a short title, query plus context, and a number of limiting parameters known as metadata which include targeted geographical region, target data domain or genre, and level of searcher expertise. Clarification Forms are brief HTML questionnaires system developers submitted to LDC searchers to glean additional information about information needs directly from the topic creators. Relevance assessment consisted of adjudication of pooled system responses, and included document-level judgments for all topics, and passage-level relevance judgments for a subset of topics. The release is divided into training and evaluation resources. The training set comprises twenty-one topics and 100 document-level relevance judgments per topic. The evaluation set contains fifty topics, clarification forms and responses, document-level relevance assessment for all topics and passage-level judgments for half of the topics. HARD participants received the reference data over the course of the evaluation cycle in stages: (0) training topics, (1) evaluation topic descriptions without metadata, (2) clarification form responses, (3) topic descriptions with metadata, and (4) relevance assessments. *Samples* For an example of the data in this publication, please review the following samples: * Topic * CF * Result</marc:subfield>
      </marc:datafield>
      <marc:datafield tag="546" ind1=" " ind2=" ">
         <marc:subfield code="a">English</marc:subfield>
      </marc:datafield>
      <marc:datafield tag="700" ind1="1" ind2="0">
         <marc:subfield code="a">Strassel, Stephanie</marc:subfield>
      </marc:datafield>
      <marc:datafield tag="700" ind1="1" ind2="0">
         <marc:subfield code="a">Glenn, Meghan</marc:subfield>
      </marc:datafield>
   </marc:record>