
   <marc:record>
      <marc:leader>     nmm a22     3i 4500</marc:leader>
      <marc:controlfield tag="006">m     o  u        </marc:controlfield>
      <marc:controlfield tag="007">cu ||||||u||||</marc:controlfield>
      <marc:controlfield tag="008">      s2005    pau        u        mul d</marc:controlfield>
      <marc:datafield tag="024" ind1="8" ind2=" ">
         <marc:subfield code="a">LDC2005T12</marc:subfield>
      </marc:datafield>
      <marc:datafield tag="024" ind1="8" ind2=" ">
         <marc:subfield code="a">ISLRN: 274-788-133-216-1</marc:subfield>
      </marc:datafield>
      <marc:datafield tag="042" ind1=" " ind2=" ">
         <marc:subfield code="a">dc</marc:subfield>
      </marc:datafield>
      <marc:datafield tag="245" ind1="0" ind2="0">
         <marc:subfield code="a">English Gigaword Second Edition</marc:subfield>
      </marc:datafield>
      <marc:datafield tag="264" ind1=" " ind2=" ">
         <marc:subfield code="a">[Philadelphia, Pennsylvania]: </marc:subfield>
         <marc:subfield code="b">Linguistic Data Consortium, </marc:subfield>
         <marc:subfield code="c">[2005]</marc:subfield>
      </marc:datafield>
      <marc:datafield tag="500" ind1=" " ind2=" ">
         <marc:subfield code="a">LDC2005T12</marc:subfield>
      </marc:datafield>
      <marc:datafield tag="500" ind1=" " ind2=" ">
         <marc:subfield code="a">https://catalog.ldc.upenn.edu/LDC2005T12</marc:subfield>
      </marc:datafield>
      <marc:datafield tag="520" ind1=" " ind2=" ">
         <marc:subfield code="a">*Introduction* English Gigaword Second Edition was produced by Linguistic Data Consortium (LDC) catalog number LDC2005T12 and ISBN 1-58563-350-X. The English Gigaword corpus is a comprehensive archive of newswire text data in English that has been acquired over several years by the LDC. This is the second edition of the English Gigaword corpus. This edition includes all of the contents in the first edition of the English Gigaword corpus (LDC2003T05) as well as new data from July 2002 through Dec 2004. Also, a new newswire source (the Central New Agency of Taiwan, English Service) has been added in this edition. The five distinct international sources of English newswire included in this release are the following: Agence France-Presse, English Service (afp_eng ) Associated Press Worldstream, English Service (apw_eng) Central News Agency of Taiwan, English Service (cna_eng) The New York Times Newswire Service (nyt_eng) The Xinhua News Agency, English Service (xin_eng) *What's New In The Second Edition** New newswire data contents from July 2002 to December 2004 have been added for all of the four newswire sources that were represented in the first edition. * A new source, the Central News Agency of Taiwan English Service (CNA_ENG), has been added. * We have adopted a new naming scheme for filenames and DOC IDs. The new naming scheme represents the source names in a three-letter code and the language name in a three-letter code. * Minor formatting improvements (mostly line-wrapping) have been made to some of the data contents originally published in the first edition. *Pricing* The Reduced Licensing Fee for this corpus is US$400.</marc:subfield>
      </marc:datafield>
      <marc:datafield tag="546" ind1=" " ind2=" ">
         <marc:subfield code="a">English</marc:subfield>
      </marc:datafield>
      <marc:datafield tag="655" ind1="7" ind2=" ">
         <marc:subfield code="a">Text</marc:subfield>
         <marc:subfield code="2">DCMI Type</marc:subfield>
      </marc:datafield>
      <marc:datafield tag="700" ind1="1" ind2="0">
         <marc:subfield code="a">Graff, David</marc:subfield>
      </marc:datafield>
      <marc:datafield tag="700" ind1="1" ind2="0">
         <marc:subfield code="a">Kong, Junbo</marc:subfield>
      </marc:datafield>
      <marc:datafield tag="700" ind1="1" ind2="0">
         <marc:subfield code="a">Chen, Ke</marc:subfield>
      </marc:datafield>
      <marc:datafield tag="700" ind1="1" ind2="0">
         <marc:subfield code="a">Maeda, Kazuaki</marc:subfield>
      </marc:datafield>
   </marc:record>