
   <marc:record>
      <marc:leader>     nmm a22     3i 4500</marc:leader>
      <marc:controlfield tag="006">m     o  u        </marc:controlfield>
      <marc:controlfield tag="007">cu ||||||u||||</marc:controlfield>
      <marc:controlfield tag="008">      s2013    pau        u        mul d</marc:controlfield>
      <marc:datafield tag="020" ind1=" " ind2=" ">
         <marc:subfield code="a">1585636630</marc:subfield>
      </marc:datafield>
      <marc:datafield tag="024" ind1="8" ind2=" ">
         <marc:subfield code="a">LDC2013T22</marc:subfield>
      </marc:datafield>
      <marc:datafield tag="024" ind1="8" ind2=" ">
         <marc:subfield code="a">ISLRN: 462-157-606-044-8</marc:subfield>
      </marc:datafield>
      <marc:datafield tag="042" ind1=" " ind2=" ">
         <marc:subfield code="a">dc</marc:subfield>
      </marc:datafield>
      <marc:datafield tag="245" ind1="0" ind2="0">
         <marc:subfield code="a">The ARRAU Corpus of Anaphoric Information</marc:subfield>
      </marc:datafield>
      <marc:datafield tag="264" ind1=" " ind2=" ">
         <marc:subfield code="a">[Philadelphia, Pennsylvania]: </marc:subfield>
         <marc:subfield code="b">Linguistic Data Consortium, </marc:subfield>
         <marc:subfield code="c">[2013]</marc:subfield>
      </marc:datafield>
      <marc:datafield tag="500" ind1=" " ind2=" ">
         <marc:subfield code="a">LDC2013T22</marc:subfield>
      </marc:datafield>
      <marc:datafield tag="500" ind1=" " ind2=" ">
         <marc:subfield code="a">https://catalog.ldc.upenn.edu/LDC2013T22</marc:subfield>
      </marc:datafield>
      <marc:datafield tag="520" ind1=" " ind2=" ">
         <marc:subfield code="a">*Introduction* The ARRAU (Anaphora Resolution and Underspecification) Corpus of Anaphoric Information was developed by the University of Essex and the University of Trento. It contains annotations of multi-genre English texts for anaphoric relations with information about agreement and explicit representation of multiple antecedents for ambiguous anaphoric expressions and discourse antecedents for expressions which refer to abstract entities such as events, actions and plans. The source texts in this release include task-oriented dialogues from the TRAINS-91 and TRAINS-93 corpora (the latter released through LDC, TRAINS Spoken Dialog Corpus LDC95S25), narratives from the English Pear Stories (a collection of narratives by subjects who watched a film and then recounted its contents), articles from the Wall Street Journal portions of the Penn Treebank (Treebank-2 LDC95T7) and the RST Discourse Treebank LDC2002T07, and the Vieira/Poesio Corpus which consists of training and test files from Treebank-2 and RST Discourse Treebank. *Data* The texts were annotated using the ARRAU guidelines which treat all noun phrases (NPs) as markables. Different semantic roles are recognized by distinguishing between referring expressions (that update or refer to a discourse model), and non-referring ones (including expletives, predicative expressions, quantifiers, and coordination). A variety of linguistic features were also annotated, including morphosyntactic agreement, grammatical function, semantic type (person, animate, concrete, action, time, other abstract) and genericity. The annotation was carried out using the MMAX2 annotation tool which allows text units to be marked at different levels. The files in MMAX format have been organized so that they can be visualized using the MMAX2 tool or directly used as input/output for the BART toolkit which performs automatic coreference resolution including all necessary preprocessing steps. *Samples* Please view the following samplesL * Raw * PRD * Header *Updates* None at this time.</marc:subfield>
      </marc:datafield>
      <marc:datafield tag="546" ind1=" " ind2=" ">
         <marc:subfield code="a">English</marc:subfield>
      </marc:datafield>
      <marc:datafield tag="655" ind1="7" ind2=" ">
         <marc:subfield code="a">Text</marc:subfield>
         <marc:subfield code="2">DCMI Type</marc:subfield>
      </marc:datafield>
      <marc:datafield tag="700" ind1="1" ind2="0">
         <marc:subfield code="a">Poesio, Massimo</marc:subfield>
      </marc:datafield>
      <marc:datafield tag="700" ind1="1" ind2="0">
         <marc:subfield code="a">Artstein, Ron</marc:subfield>
      </marc:datafield>
      <marc:datafield tag="700" ind1="1" ind2="0">
         <marc:subfield code="a">Uryupina, Olga</marc:subfield>
      </marc:datafield>
      <marc:datafield tag="700" ind1="1" ind2="0">
         <marc:subfield code="a">Rodriguez, Kepa</marc:subfield>
      </marc:datafield>
      <marc:datafield tag="700" ind1="1" ind2="0">
         <marc:subfield code="a">Delogu, Francesca</marc:subfield>
      </marc:datafield>
      <marc:datafield tag="700" ind1="1" ind2="0">
         <marc:subfield code="a">Bristot, Antonella</marc:subfield>
      </marc:datafield>
      <marc:datafield tag="700" ind1="1" ind2="0">
         <marc:subfield code="a">Hitzeman, Janet</marc:subfield>
      </marc:datafield>
   </marc:record>