
   <marc:record>
      <marc:leader>     nmm a22     3i 4500</marc:leader>
      <marc:controlfield tag="006">m     o  u        </marc:controlfield>
      <marc:controlfield tag="007">cu ||||||u||||</marc:controlfield>
      <marc:controlfield tag="008">      s1993    pau        u        mul d</marc:controlfield>
      <marc:datafield tag="020" ind1=" " ind2=" ">
         <marc:subfield code="a">1585630098</marc:subfield>
      </marc:datafield>
      <marc:datafield tag="024" ind1="8" ind2=" ">
         <marc:subfield code="a">LDC93S12</marc:subfield>
      </marc:datafield>
      <marc:datafield tag="024" ind1="8" ind2=" ">
         <marc:subfield code="a">ISLRN: 777-455-577-608-1</marc:subfield>
      </marc:datafield>
      <marc:datafield tag="042" ind1=" " ind2=" ">
         <marc:subfield code="a">dc</marc:subfield>
      </marc:datafield>
      <marc:datafield tag="245" ind1="0" ind2="0">
         <marc:subfield code="a">HCRC Map Task Corpus</marc:subfield>
      </marc:datafield>
      <marc:datafield tag="264" ind1=" " ind2=" ">
         <marc:subfield code="a">[Philadelphia, Pennsylvania]: </marc:subfield>
         <marc:subfield code="b">Linguistic Data Consortium, </marc:subfield>
         <marc:subfield code="c">[1993]</marc:subfield>
      </marc:datafield>
      <marc:datafield tag="500" ind1=" " ind2=" ">
         <marc:subfield code="a">LDC93S12</marc:subfield>
      </marc:datafield>
      <marc:datafield tag="500" ind1=" " ind2=" ">
         <marc:subfield code="a">https://catalog.ldc.upenn.edu/LDC93S12</marc:subfield>
      </marc:datafield>
      <marc:datafield tag="520" ind1=" " ind2=" ">
         <marc:subfield code="a">Originally published as set of eight CD-ROMS, the Map Task Corpus is now delivred as a web download. The contents of each disc reside in seprate directories with the same structure as the original set. The Map Task Corpus contains a total of about 18 hours of spontaneous speech that was recorded from 128 two-person conversations, involving 64 different speakers (32 female, 32 male, all adults, each taking part in four conversations). The 64 speakers were all students at the University of Glasgow, 61 of them being native Scots. The conversations were carried out in an experimental setting, in which each participant has a schematic map in front of them, not visible to the other. Each map is comprised of an outline and roughly a dozen labelled features (e.g. a white cottage, an oak forest, Green Bay, etc). Most features are common to the two maps, but not all. One map has a route drawn in, the other does not. The task is for the participant without the route to draw one on the basis of discussion with the participant with the route. In addition to the conversations, each speaker provides a wordlist reading, consisting of the major vocabulary items contained in the conversations. The experimental design allows a number of different phonemic, syntactico-semantic and pragmatic contrasts to be explored in a controlled way. In particular, maps and feature names were designed to allow for controlled exploration of phonological reductions of various kinds in a number of different referential contexts and to provide, via varying patterns of matches and mis-matches between the two maps, a range of different stimuli for referent negotiation. Also the conditions of the conversations were carefully balanced: In half of them the talkers were strangers, in half friends in half of them the talkers could see each others faces, in half they could not. The waveform data are provided in raw (headerless) files (16-bit samples, 20 kHz sample rate, two channels per conversation) and alternative header files are provided for use with software based on either the NIST SPHERE header structure or the European SAM header structure. Text transcriptions are provided for each conversation, along with PostScript files of the map images used in the experiments. Additional materials include full documentation of the experimental design and data collection protocol, resources for using SGML tools on the transcriptions and other text materials and an extensive set of source code for performing basic signal processing functions on the waveform data, such as down-sampling, de-multiplexing, channel summation and D/A conversion for Sun workstations (including playback of segments selected via inspection of transcripts in Emacs).</marc:subfield>
      </marc:datafield>
      <marc:datafield tag="546" ind1=" " ind2=" ">
         <marc:subfield code="a">English</marc:subfield>
      </marc:datafield>
      <marc:datafield tag="655" ind1="7" ind2=" ">
         <marc:subfield code="a">Sound</marc:subfield>
         <marc:subfield code="2">DCMI Type</marc:subfield>
      </marc:datafield>
   </marc:record>