
   <marc:record>
      <marc:leader>     nmm a22     3i 4500</marc:leader>
      <marc:controlfield tag="006">m     o  u        </marc:controlfield>
      <marc:controlfield tag="007">cu ||||||u||||</marc:controlfield>
      <marc:controlfield tag="008">      s1993    pau        u        mul d</marc:controlfield>
      <marc:datafield tag="020" ind1=" " ind2=" ">
         <marc:subfield code="a">1585630071</marc:subfield>
      </marc:datafield>
      <marc:datafield tag="024" ind1="8" ind2=" ">
         <marc:subfield code="a">LDC93S6B</marc:subfield>
      </marc:datafield>
      <marc:datafield tag="024" ind1="8" ind2=" ">
         <marc:subfield code="a">ISLRN: 393-204-041-392-1</marc:subfield>
      </marc:datafield>
      <marc:datafield tag="042" ind1=" " ind2=" ">
         <marc:subfield code="a">dc</marc:subfield>
      </marc:datafield>
      <marc:datafield tag="245" ind1="0" ind2="0">
         <marc:subfield code="a">CSR-I (WSJ0) Sennheiser</marc:subfield>
      </marc:datafield>
      <marc:datafield tag="264" ind1=" " ind2=" ">
         <marc:subfield code="a">[Philadelphia, Pennsylvania]: </marc:subfield>
         <marc:subfield code="b">Linguistic Data Consortium, </marc:subfield>
         <marc:subfield code="c">[1993]</marc:subfield>
      </marc:datafield>
      <marc:datafield tag="500" ind1=" " ind2=" ">
         <marc:subfield code="a">LDC93S6B</marc:subfield>
      </marc:datafield>
      <marc:datafield tag="500" ind1=" " ind2=" ">
         <marc:subfield code="a">https://catalog.ldc.upenn.edu/LDC93S6B</marc:subfield>
      </marc:datafield>
      <marc:datafield tag="520" ind1=" " ind2=" ">
         <marc:subfield code="a">LDC93S6A - Complete CSR-I corpus LDC93S6B - CSR-I Sennheiser speech LDC93S6C - CSR-I other speech During 1991, the DARPA Spoken Language Program initiated efforts to build a new corpus to support research on large-vocabulary Continuous Speech Recognition (CSR) systems. The first two CSR Corpora consist primarily of read speech with texts drawn from a machine-readable corpus of Wall Street Journal news text and are thus often known as WSJ0 and WSJ1. (Later sections of the CSR set of corpora, however, will consist of read texts from other sources of North American business news and eventually from other news domains). The texts to be read were selected to fall within either a 5,000-word or a 20,000-word subset of the WSJ text corpus. (See the documentation for details). Some spontaneous dictation is included in addition to the read speech. The dictation portion was collected using journalists who dictated hypothetical news articles. This amounts to approximately 70 hours of speech. Two microphones are used throughout: a close-talking Sennheiser HMD414 and a secondary microphone, which may vary. The corpora are thus offered in three configurations: the speech from the Sennheiser, the speech from the other microphone and the speech from both; all three sets include all transcriptions, tests, documentation, etc. In general, transcriptions of the speech, test data from ARPA evaluations, scores achieved by various speech recognition systems and software used in scoring are included on separate discs from the waveform data. Please note this corpus has been updated from its original disc release to a web download, some of the documentation may still reflect its original disc state. However all data is still present.</marc:subfield>
      </marc:datafield>
      <marc:datafield tag="546" ind1=" " ind2=" ">
         <marc:subfield code="a">English</marc:subfield>
      </marc:datafield>
      <marc:datafield tag="655" ind1="7" ind2=" ">
         <marc:subfield code="a">Sound</marc:subfield>
         <marc:subfield code="2">DCMI Type</marc:subfield>
      </marc:datafield>
      <marc:datafield tag="700" ind1="1" ind2="0">
         <marc:subfield code="a">Garofolo, John S.</marc:subfield>
      </marc:datafield>
      <marc:datafield tag="700" ind1="1" ind2="0">
         <marc:subfield code="a">Graff, David</marc:subfield>
      </marc:datafield>
      <marc:datafield tag="700" ind1="1" ind2="0">
         <marc:subfield code="a">Paul, Doug</marc:subfield>
      </marc:datafield>
      <marc:datafield tag="700" ind1="1" ind2="0">
         <marc:subfield code="a">Pallett, David</marc:subfield>
      </marc:datafield>
   </marc:record>