
   <marc:record>
      <marc:leader>     nmm a22     3i 4500</marc:leader>
      <marc:controlfield tag="006">m     o  u        </marc:controlfield>
      <marc:controlfield tag="007">cu ||||||u||||</marc:controlfield>
      <marc:controlfield tag="008">      s1993    pau        u        mul d</marc:controlfield>
      <marc:datafield tag="020" ind1=" " ind2=" ">
         <marc:subfield code="a">1585630225</marc:subfield>
      </marc:datafield>
      <marc:datafield tag="024" ind1="8" ind2=" ">
         <marc:subfield code="a">LDC93T3C</marc:subfield>
      </marc:datafield>
      <marc:datafield tag="024" ind1="8" ind2=" ">
         <marc:subfield code="a">ISLRN: 532-662-320-210-9</marc:subfield>
      </marc:datafield>
      <marc:datafield tag="042" ind1=" " ind2=" ">
         <marc:subfield code="a">dc</marc:subfield>
      </marc:datafield>
      <marc:datafield tag="245" ind1="0" ind2="0">
         <marc:subfield code="a">TIPSTER Volume 2</marc:subfield>
      </marc:datafield>
      <marc:datafield tag="264" ind1=" " ind2=" ">
         <marc:subfield code="a">[Philadelphia, Pennsylvania]: </marc:subfield>
         <marc:subfield code="b">Linguistic Data Consortium, </marc:subfield>
         <marc:subfield code="c">[1993]</marc:subfield>
      </marc:datafield>
      <marc:datafield tag="500" ind1=" " ind2=" ">
         <marc:subfield code="a">LDC93T3C</marc:subfield>
      </marc:datafield>
      <marc:datafield tag="500" ind1=" " ind2=" ">
         <marc:subfield code="a">https://catalog.ldc.upenn.edu/LDC93T3C</marc:subfield>
      </marc:datafield>
      <marc:datafield tag="520" ind1=" " ind2=" ">
         <marc:subfield code="a">LDC93T3A - Complete TIPSTER corpus LDC93T3B - Volume 1 of the TIPSTER corpus LDC93T3C - Volume 2 of the TIPSTER corpus LDC93T3D - Volume 3 of the TIPSTER corpus TIPSTER 2 is sometimes also called the Text Research Collection Volume 2 or TREC-2. The TIPSTER project was sponsored by the Software and Intelligent Systems Technology Office of the Advanced Research Projects Agency (ARPA/SISTO) in an effort to significantly advance the state of the art in effective document detection (information retrieval) and data extraction from large, real-world data collections. The detection data is comprised of a test collection built at NIST for the TIPSTER project and the related TREC project. The TREC project has many other participating information retrieval research groups, working on the same task as the TIPSTER groups, but meeting once a year in a workshop to compare results (similar to MUC). The test collection consists of three CD-ROMs of SGML encoded documents distributed by LDC plus queries and answers (relevant documents) distributed by NIST. Source Year Approx. # Words (Millions) Associated Press 1988 37 Wall Street Journal 1990 11 Wall Street Journal 1991 22 Wall Street Journal 1992 5 Federal Register 1998 30 Ziff/Davis 1989-09 26 The documents in the test collection are varied in style, size and subject domain. The first disk contains material from the Wall Street Journal (1986, 1987, 1988, 1989), the AP Newswire (1989), the Federal Register (1989), information from Computer Select disks (Ziff-Davis Publishing) and short abstracts from the Department of Energy. The second disk contains information from the same sources, but from different years. The third disk contains more information from the Computer Select disks, plus material from the San Jose Mercury News (1991), more AP newswire (1990) and about 250 megabytes of formatted U.S. Patents. The format of all the documents is relatively clean and easy to use, with SGML-like tags separating documents and document fields. There is no part-of-speech tagging or breakdown into individual sentences or paragraphs as the purpose of this collection is to test retrieval against real-world data. The three Tipster discs so far released have been re-issued with updates and corrections and all recipients of the earlier versions should have received these replacements free of charge. If you think you have the unrevised original, contact LDC for confirmation.</marc:subfield>
      </marc:datafield>
      <marc:datafield tag="546" ind1=" " ind2=" ">
         <marc:subfield code="a">English</marc:subfield>
      </marc:datafield>
      <marc:datafield tag="655" ind1="7" ind2=" ">
         <marc:subfield code="a">Text</marc:subfield>
         <marc:subfield code="2">DCMI Type</marc:subfield>
      </marc:datafield>
      <marc:datafield tag="700" ind1="1" ind2="0">
         <marc:subfield code="a">Harman, Donna</marc:subfield>
      </marc:datafield>
      <marc:datafield tag="700" ind1="1" ind2="0">
         <marc:subfield code="a">Liberman, Mark</marc:subfield>
      </marc:datafield>
   </marc:record>