
   <marc:record>
      <marc:leader>     nmm a22     3i 4500</marc:leader>
      <marc:controlfield tag="006">m     o  u        </marc:controlfield>
      <marc:controlfield tag="007">cu ||||||u||||</marc:controlfield>
      <marc:controlfield tag="008">      s1994    pau        u        mul d</marc:controlfield>
      <marc:datafield tag="020" ind1=" " ind2=" ">
         <marc:subfield code="a">1585630322</marc:subfield>
      </marc:datafield>
      <marc:datafield tag="024" ind1="8" ind2=" ">
         <marc:subfield code="a">LDC94S13C</marc:subfield>
      </marc:datafield>
      <marc:datafield tag="024" ind1="8" ind2=" ">
         <marc:subfield code="a">ISLRN: 595-241-014-505-5</marc:subfield>
      </marc:datafield>
      <marc:datafield tag="042" ind1=" " ind2=" ">
         <marc:subfield code="a">dc</marc:subfield>
      </marc:datafield>
      <marc:datafield tag="245" ind1="0" ind2="0">
         <marc:subfield code="a">CSR-II (WSJ1) Other</marc:subfield>
      </marc:datafield>
      <marc:datafield tag="264" ind1=" " ind2=" ">
         <marc:subfield code="a">[Philadelphia, Pennsylvania]: </marc:subfield>
         <marc:subfield code="b">Linguistic Data Consortium, </marc:subfield>
         <marc:subfield code="c">[1994]</marc:subfield>
      </marc:datafield>
      <marc:datafield tag="500" ind1=" " ind2=" ">
         <marc:subfield code="a">LDC94S13C</marc:subfield>
      </marc:datafield>
      <marc:datafield tag="500" ind1=" " ind2=" ">
         <marc:subfield code="a">https://catalog.ldc.upenn.edu/LDC94S13C</marc:subfield>
      </marc:datafield>
      <marc:datafield tag="520" ind1=" " ind2=" ">
         <marc:subfield code="a">LDC94S13A - Complete CSR-II corpus LDC94S13B - CSR-II Sennheiser speech LDC94S13C - CSR-II Other speech *Data* The complete WSJ1 corpus contains approximately 78,000 training utterances (73 hours of speech), 4,000 of which are the result of spontaneous dictation by journalists with varying degrees of experience in dictation. The corpus contains approximately 8,200 "conventional" development test utterances (eight hours of speech), 6,800 of which are from spontaneous dictation. As with the pilot corpus, the entire corpus was collected using two microphones, so the amount of speech in the entire corpus is about 162 hours. In early 1993, a "Hub and Spoke" test paradigm was designed, calling for eleven test sets, each a specific variation of the basic or "hub" condition. The eleven Hub and Spoke Development and Evaluation Test sets each contain approximately 7,500 waveforms (eleven hours of speech). WSJ1 waveforms have been compressed by about 2:1 using the SPHERE-embedded "Shorten" compression algorithm developed at Cambridge University. *Updates* The cdrom labeled "Evaluation Test Data, Part 1" (NIST Speech Disk 13-32.1) contains the file wsj1/doc/lng_modl/base_lm/tcb20onp.z ("WSJ1/DOC/LNG_MODL/BASE_LM/TCB20ONP.Z" on a Windows OS). Please note that even though this file has the ".z" extension, it is not a compressed file. In order to use the file, simply ignore the ".z" extension.</marc:subfield>
      </marc:datafield>
      <marc:datafield tag="546" ind1=" " ind2=" ">
         <marc:subfield code="a">English</marc:subfield>
      </marc:datafield>
      <marc:datafield tag="655" ind1="7" ind2=" ">
         <marc:subfield code="a">Sound</marc:subfield>
         <marc:subfield code="2">DCMI Type</marc:subfield>
      </marc:datafield>
   </marc:record>