
   <marc:record>
      <marc:leader>     nmm a22     3i 4500</marc:leader>
      <marc:controlfield tag="006">m     o  u        </marc:controlfield>
      <marc:controlfield tag="007">cu ||||||u||||</marc:controlfield>
      <marc:controlfield tag="008">      s1994    pau        u        mul d</marc:controlfield>
      <marc:datafield tag="024" ind1="8" ind2=" ">
         <marc:subfield code="a">LDC94S16</marc:subfield>
      </marc:datafield>
      <marc:datafield tag="024" ind1="8" ind2=" ">
         <marc:subfield code="a">ISLRN: 125-762-148-524-1</marc:subfield>
      </marc:datafield>
      <marc:datafield tag="042" ind1=" " ind2=" ">
         <marc:subfield code="a">dc</marc:subfield>
      </marc:datafield>
      <marc:datafield tag="245" ind1="0" ind2="0">
         <marc:subfield code="a">YOHO Speaker Verification</marc:subfield>
      </marc:datafield>
      <marc:datafield tag="264" ind1=" " ind2=" ">
         <marc:subfield code="a">[Philadelphia, Pennsylvania]: </marc:subfield>
         <marc:subfield code="b">Linguistic Data Consortium, </marc:subfield>
         <marc:subfield code="c">[1994]</marc:subfield>
      </marc:datafield>
      <marc:datafield tag="500" ind1=" " ind2=" ">
         <marc:subfield code="a">LDC94S16</marc:subfield>
      </marc:datafield>
      <marc:datafield tag="500" ind1=" " ind2=" ">
         <marc:subfield code="a">https://catalog.ldc.upenn.edu/LDC94S16</marc:subfield>
      </marc:datafield>
      <marc:datafield tag="520" ind1=" " ind2=" ">
         <marc:subfield code="a">The YOHO database contains a large scale, high-quality speech corpus to support text-dependent speaker authentication research, such as is used in secure access technology. The data was collected in 1989 by ITT under a US Government contract, but has not been available for public use before. Note that certain changes have been made to the corpus, mainly to insure the privacy of the speakers and some data has been withheld by the government for future use in testing. YOHO contains: * Combination lock phrases (e.g. 36-24-36) * Collected over three-month period in a real-world office environment * Four enrollment sessions per subject with 24 phrases per session * Ten test sessions per subject with four phrases per session * 8kHz sampling with 3.8 kHz analog bandwidth * 1.5 gigabytes of data The number of trials is thus sufficient to permit evaluation testing at high confidence levels. In each session, a speaker was prompted with a series of phrases to be read aloud each phrase was a sequence of three two-digit numbers (e.g. 35 - 72 - 41, pronounced thirty-five seventy-two forty-one). The first four sessions for a given speaker were enrollment sessions of 24 phrases and all additional sessions were verification trials of four phrases each. In all there are 552 enrollment sessions and 1,380 trial sessions, with a nominal time interval of three days between sessions. *Updates* An update is available that corrects a bug in the original release.</marc:subfield>
      </marc:datafield>
      <marc:datafield tag="546" ind1=" " ind2=" ">
         <marc:subfield code="a">English</marc:subfield>
      </marc:datafield>
      <marc:datafield tag="655" ind1="7" ind2=" ">
         <marc:subfield code="a">Sound</marc:subfield>
         <marc:subfield code="2">DCMI Type</marc:subfield>
      </marc:datafield>
      <marc:datafield tag="700" ind1="1" ind2="0">
         <marc:subfield code="a">Campbell, Joseph</marc:subfield>
      </marc:datafield>
      <marc:datafield tag="700" ind1="1" ind2="0">
         <marc:subfield code="a">Higgins, Alan</marc:subfield>
      </marc:datafield>
   </marc:record>