
   <marc:record>
      <marc:leader>     nmm a22     3i 4500</marc:leader>
      <marc:controlfield tag="006">m     o  u        </marc:controlfield>
      <marc:controlfield tag="007">cu ||||||u||||</marc:controlfield>
      <marc:controlfield tag="008">      s1994    pau        u        mul d</marc:controlfield>
      <marc:datafield tag="020" ind1=" " ind2=" ">
         <marc:subfield code="a">1585630292</marc:subfield>
      </marc:datafield>
      <marc:datafield tag="024" ind1="8" ind2=" ">
         <marc:subfield code="a">LDC94S20</marc:subfield>
      </marc:datafield>
      <marc:datafield tag="024" ind1="8" ind2=" ">
         <marc:subfield code="a">ISLRN: 361-674-631-516-1</marc:subfield>
      </marc:datafield>
      <marc:datafield tag="042" ind1=" " ind2=" ">
         <marc:subfield code="a">dc</marc:subfield>
      </marc:datafield>
      <marc:datafield tag="245" ind1="0" ind2="0">
         <marc:subfield code="a">BRAMSHILL</marc:subfield>
      </marc:datafield>
      <marc:datafield tag="264" ind1=" " ind2=" ">
         <marc:subfield code="a">[Philadelphia, Pennsylvania]: </marc:subfield>
         <marc:subfield code="b">Linguistic Data Consortium, </marc:subfield>
         <marc:subfield code="c">[1994]</marc:subfield>
      </marc:datafield>
      <marc:datafield tag="500" ind1=" " ind2=" ">
         <marc:subfield code="a">LDC94S20</marc:subfield>
      </marc:datafield>
      <marc:datafield tag="500" ind1=" " ind2=" ">
         <marc:subfield code="a">https://catalog.ldc.upenn.edu/LDC94S20</marc:subfield>
      </marc:datafield>
      <marc:datafield tag="520" ind1=" " ind2=" ">
         <marc:subfield code="a">The recordings in this release were originally made in 1978-79 as part of a British Home Office study into speaker identification techniques. Subsequently, it was realized that a large body of unconstrained conversational material might be of interest to researchers working in other speech processing fields. The recordings were transcribed and the release prepared during 1993. The recordings were made at the Police Staff College, Bramshill, Hampshire, England. The participants were police officers taking part in the various courses at the college. This provided a wide range of regional accents and a range of ages from late teens to early fifties. Each speaker is described by nine demographic attributes. Three adjacent bedrooms were used. The two participants, each alone in their rooms, conversed by telephone. The third room was used as a monitoring and recording station. In addition to the telephone recordings, reference recordings were made using a high quality dynamic microphone in each room. It is these higher quality recordings, not the telephone speech, which are provided in the BRAMSHILL set. The recordings were made on a Sony Elcaset EL-7 cassette machine, chosen at the time because of its good speed stability. The microphone was a Shure SM-7 cardioid type. The speech data was sampled at 10 kHz, 16-bit resolution. Some attempt was made to control the acoustic environment. It is evident from listening to the recordings that, while these measures produced a reasonable recording environment, the rooms were far from soundproof. A variety of external noises (engines, aircraft, etc) can be heard on some of the recordings. Each speaker was given a pile of photographs. In response to a bleep signal, each speaker introduced himself by name and read a set of test sentences. After this, the main part of the conversation took place, in which participants were asked to determine which of each pair of photographs has been taken first (if indeed they were related at all). The conversations continued for 10 minutes until terminated by another bleep signal. During the digitization process, some periods of silence were removed, so some recordings now appear to be shorter than the original ten minutes. Furthermore, this means that recordings of two sides of a conversation are no longer time-aligned. In addition, to preserve the anonymity of the speakers, some passages (mainly the introductions) have been erased by replacing with binary zeroes. Finally the bleep signals have also been erased with binary zeroes. The transcriptions indicate where this has occurred. The speech was transcribed verbatim. No attempt was made to correct grammar, fill in missing words etc. Transcription conventions are detailed in the documentation. Every lexical word from the transcriptions is contained in the dictionary supplied in the INDEX directory. There are about 6,500 word types in the 600k words of the transcripts. Contractions, part-words, slang words, hesitation sounds and the non-speech sounds such are all treated as words in their own right in the dictionary.</marc:subfield>
      </marc:datafield>
      <marc:datafield tag="546" ind1=" " ind2=" ">
         <marc:subfield code="a">English</marc:subfield>
      </marc:datafield>
      <marc:datafield tag="655" ind1="7" ind2=" ">
         <marc:subfield code="a">Sound</marc:subfield>
         <marc:subfield code="2">DCMI Type</marc:subfield>
      </marc:datafield>
      <marc:datafield tag="700" ind1="1" ind2="0">
         <marc:subfield code="a">British Home Office</marc:subfield>
      </marc:datafield>
   </marc:record>