
   <marc:record>
      <marc:leader>     nmm a22     3i 4500</marc:leader>
      <marc:controlfield tag="006">m     o  u        </marc:controlfield>
      <marc:controlfield tag="007">cu ||||||u||||</marc:controlfield>
      <marc:controlfield tag="008">      s1995    pau        u        mul d</marc:controlfield>
      <marc:datafield tag="020" ind1=" " ind2=" ">
         <marc:subfield code="a">1585630454</marc:subfield>
      </marc:datafield>
      <marc:datafield tag="024" ind1="8" ind2=" ">
         <marc:subfield code="a">LDC95S23</marc:subfield>
      </marc:datafield>
      <marc:datafield tag="024" ind1="8" ind2=" ">
         <marc:subfield code="a">ISLRN: 388-101-290-949-9</marc:subfield>
      </marc:datafield>
      <marc:datafield tag="042" ind1=" " ind2=" ">
         <marc:subfield code="a">dc</marc:subfield>
      </marc:datafield>
      <marc:datafield tag="245" ind1="0" ind2="0">
         <marc:subfield code="a">CSR-III Speech</marc:subfield>
      </marc:datafield>
      <marc:datafield tag="264" ind1=" " ind2=" ">
         <marc:subfield code="a">[Philadelphia, Pennsylvania]: </marc:subfield>
         <marc:subfield code="b">Linguistic Data Consortium, </marc:subfield>
         <marc:subfield code="c">[1995]</marc:subfield>
      </marc:datafield>
      <marc:datafield tag="500" ind1=" " ind2=" ">
         <marc:subfield code="a">LDC95S23</marc:subfield>
      </marc:datafield>
      <marc:datafield tag="500" ind1=" " ind2=" ">
         <marc:subfield code="a">https://catalog.ldc.upenn.edu/LDC95S23</marc:subfield>
      </marc:datafield>
      <marc:datafield tag="520" ind1=" " ind2=" ">
         <marc:subfield code="a">The third ARPA Continuous Speech Recognition (CSR) Benchmark Speech Test Collection is a three CD-ROM set that contains complete development test and evaluation test suites for speaker-independent, large-vocabulary speech recognition systems. The development and evaluation tests share a common structure, consisting of two core test components ("hubs") and seven specialized test components ("spokes"). The hub tests, which were mandatory for all ARPA CSR participants in the November '94 evaluations, provide a base-line for ASR performance, while the spokes provide the means for assessing the impact of particular speaking conditions or processing strategies in relation to base-line performance. Participants were free to take any combination of spoke tests according to their research interests. Taken together, the collection encompasses 180 speakers, each producing 20-40 sentences. These are organized into two complete development test sets and one evaluation set. The collection also includes complete documentation on the test specifications, data collection procedures, transcriptions and scoring protocols, together with the latest available version of NIST software for scoring ASR results and managing SPHERE waveform files. All speech data is accompanied by both the prompting texts and the detailed orthographic transcriptions of the utterances. This was the first ARPA CSR Benchmark Test in which prompting texts were drawn from a variety of news sources. Whereas earlier benchmarks were based on Wall Street Journal excerpts (from the period 1987-89), CSR-III prompts come a variety of North American Business News Services: Reuters News Service, New York Times, Wahington Post and Los Angeles Times as well as WSJ; all texts are drawn from financial news articles written during the period of April through June, 1994. (NAB stands for "North American Business," in contrast to earlier benchmarks and training collections labeled "WSJ"). An important companion to the 1994 Benchmark Speech data collection is the four-disk CSR-III Text Collection (LDC95T6), which includes the ARPA CSR 1994 Standard Language Model. This corpus is also available from the LDC as a 1995 release. Because of restrictions imposed by the copyright holders of much of the NAB text, both the speech and text collections are available to LDC members only. For more information on how to join, send email to ldc@ldc.upenn.edu.</marc:subfield>
      </marc:datafield>
      <marc:datafield tag="546" ind1=" " ind2=" ">
         <marc:subfield code="a">English</marc:subfield>
      </marc:datafield>
      <marc:datafield tag="655" ind1="7" ind2=" ">
         <marc:subfield code="a">Sound</marc:subfield>
         <marc:subfield code="2">DCMI Type</marc:subfield>
      </marc:datafield>
   </marc:record>