
   <marc:record>
      <marc:leader>     nmm a22     3i 4500</marc:leader>
      <marc:controlfield tag="006">m     o  u        </marc:controlfield>
      <marc:controlfield tag="007">cu ||||||u||||</marc:controlfield>
      <marc:controlfield tag="008">      s1995    pau        u        mul d</marc:controlfield>
      <marc:datafield tag="020" ind1=" " ind2=" ">
         <marc:subfield code="a">1585630535</marc:subfield>
      </marc:datafield>
      <marc:datafield tag="024" ind1="8" ind2=" ">
         <marc:subfield code="a">LDC95T21</marc:subfield>
      </marc:datafield>
      <marc:datafield tag="024" ind1="8" ind2=" ">
         <marc:subfield code="a">ISLRN: 667-148-284-023-7</marc:subfield>
      </marc:datafield>
      <marc:datafield tag="042" ind1=" " ind2=" ">
         <marc:subfield code="a">dc</marc:subfield>
      </marc:datafield>
      <marc:datafield tag="245" ind1="0" ind2="0">
         <marc:subfield code="a">North American News Text Corpus</marc:subfield>
      </marc:datafield>
      <marc:datafield tag="264" ind1=" " ind2=" ">
         <marc:subfield code="a">[Philadelphia, Pennsylvania]: </marc:subfield>
         <marc:subfield code="b">Linguistic Data Consortium, </marc:subfield>
         <marc:subfield code="c">[1995]</marc:subfield>
      </marc:datafield>
      <marc:datafield tag="500" ind1=" " ind2=" ">
         <marc:subfield code="a">LDC95T21</marc:subfield>
      </marc:datafield>
      <marc:datafield tag="500" ind1=" " ind2=" ">
         <marc:subfield code="a">https://catalog.ldc.upenn.edu/LDC95T21</marc:subfield>
      </marc:datafield>
      <marc:datafield tag="520" ind1=" " ind2=" ">
         <marc:subfield code="a">The North American News Text corpus is composed of news text that has been formatted using TIPSTER-style SGML markup. The text is taken from the following sources: Source Dates Approx. # Words Covered (Millions) ------------------------------------------------------- Los Angeles Times &amp; 05/94-08/97 52 Washington Post New York Times News 07/94-12/96 173 Syndicate Reuters News Service 04/94-12/96 85 (General &amp; Financial) Wall Street Journal 07/94-12/96 40 ------------------------------------------------------- Both the New York Times and the L. A. Times/Washington Post services actually include a range of other newspaper sources in their syndicated newswires. The L. A. Times/Washington Post material will be found to include the following sources (in lesser amounts) in addition to the two predominant sources: * Newsday * The Baltimore Sun * The Hartford Courant The New York Times material will be found to contain the following sources (in lesser amounts), but N.Y. Times articles predominate: * Bloomberg Business News * The Boston Globe * Los Angeles Daily News * Fort Worth Star-Telegram * Newsweek * Cox News Service * The Arizona Republic * Seattle Post-Intelligencer * San Francisco Examiner * Houston Chronicle * San Francisco Chronicle * Economist Newspaper Ltd. * Hearst Newspapers Both of these newswire services also include small numbers of articles from a larger set of miscellaneous sources. The ones listed above appear with some frequency on a daily basis. *Additional Licensing Instructions* This 'members-only' corpora is available to current members who can request the data at the listed reduced-license fee. Contact ldc@ldc.upenn.edu for information about becoming a member.</marc:subfield>
      </marc:datafield>
      <marc:datafield tag="546" ind1=" " ind2=" ">
         <marc:subfield code="a">English</marc:subfield>
      </marc:datafield>
      <marc:datafield tag="655" ind1="7" ind2=" ">
         <marc:subfield code="a">Text</marc:subfield>
         <marc:subfield code="2">DCMI Type</marc:subfield>
      </marc:datafield>
      <marc:datafield tag="700" ind1="1" ind2="0">
         <marc:subfield code="a">Graff, David</marc:subfield>
      </marc:datafield>
   </marc:record>