
   <marc:record>
      <marc:leader>     nmm a22     3i 4500</marc:leader>
      <marc:controlfield tag="006">m     o  u        </marc:controlfield>
      <marc:controlfield tag="007">cu ||||||u||||</marc:controlfield>
      <marc:controlfield tag="008">      s1996    pau        u        mul d</marc:controlfield>
      <marc:datafield tag="024" ind1="8" ind2=" ">
         <marc:subfield code="a">LDC96S31</marc:subfield>
      </marc:datafield>
      <marc:datafield tag="024" ind1="8" ind2=" ">
         <marc:subfield code="a">ISLRN: 440-074-007-959-3</marc:subfield>
      </marc:datafield>
      <marc:datafield tag="042" ind1=" " ind2=" ">
         <marc:subfield code="a">dc</marc:subfield>
      </marc:datafield>
      <marc:datafield tag="245" ind1="0" ind2="0">
         <marc:subfield code="a">CSR-IV HUB4</marc:subfield>
      </marc:datafield>
      <marc:datafield tag="264" ind1=" " ind2=" ">
         <marc:subfield code="a">[Philadelphia, Pennsylvania]: </marc:subfield>
         <marc:subfield code="b">Linguistic Data Consortium, </marc:subfield>
         <marc:subfield code="c">[1996]</marc:subfield>
      </marc:datafield>
      <marc:datafield tag="500" ind1=" " ind2=" ">
         <marc:subfield code="a">LDC96S31</marc:subfield>
      </marc:datafield>
      <marc:datafield tag="500" ind1=" " ind2=" ">
         <marc:subfield code="a">https://catalog.ldc.upenn.edu/LDC96S31</marc:subfield>
      </marc:datafield>
      <marc:datafield tag="520" ind1=" " ind2=" ">
         <marc:subfield code="a">This release contains all of the speech data provided to sites participating in the DARPA CSR November 1995 HUB4 (Radio) Broadcast News tests. The data consists of digitized waveforms of MarketPlace (tm) business news radio shows provided by KUSC through an agreement with the Linguistic Data Consortium and detailed transcriptions of those broadcasts. The software NIST used to process and score the output of the test systems is also included. The data is organized as follows: CD26-1: Training Data-Ten complete half-hour broadcasts with minimal-verified transcripts. The transcripts are time aligned with the waveforms at the story-boundary level. CD26-2: Development-Test Data-Six complete half-hour broadcasts with verified transcripts. The transcripts are time aligned with the waveforms at the story- and turn-boundary level. Index files have been included which specify how the data may be partitioned into 2 test sets. CD26-6 Evaluation-Test Data-Five complete half-hour broadcasts with verified/adjudicated transcripts. The transcripts are time aligned with the waveforms at the story-, turn- and music-boundary level. An index file has been included which specifies how the data was partitioned into the test set used in the CSR 1995 HUB4 tests. *Samples* * Audio * Transcripts * Speaker</marc:subfield>
      </marc:datafield>
      <marc:datafield tag="546" ind1=" " ind2=" ">
         <marc:subfield code="a">English</marc:subfield>
      </marc:datafield>
      <marc:datafield tag="655" ind1="7" ind2=" ">
         <marc:subfield code="a">Sound</marc:subfield>
         <marc:subfield code="2">DCMI Type</marc:subfield>
      </marc:datafield>
      <marc:datafield tag="700" ind1="1" ind2="0">
         <marc:subfield code="a">Garofolo, John S.</marc:subfield>
      </marc:datafield>
      <marc:datafield tag="700" ind1="1" ind2="0">
         <marc:subfield code="a">Fiscus, Jonathan G.</marc:subfield>
      </marc:datafield>
      <marc:datafield tag="700" ind1="1" ind2="0">
         <marc:subfield code="a">Fisher, William</marc:subfield>
      </marc:datafield>
      <marc:datafield tag="700" ind1="1" ind2="0">
         <marc:subfield code="a">Pallett, David</marc:subfield>
      </marc:datafield>
   </marc:record>