
   <marc:record>
      <marc:leader>     nmm a22     3i 4500</marc:leader>
      <marc:controlfield tag="006">m     o  u        </marc:controlfield>
      <marc:controlfield tag="007">cu ||||||u||||</marc:controlfield>
      <marc:controlfield tag="008">      s1996    pau        u        mul d</marc:controlfield>
      <marc:datafield tag="024" ind1="8" ind2=" ">
         <marc:subfield code="a">LDC96S32</marc:subfield>
      </marc:datafield>
      <marc:datafield tag="024" ind1="8" ind2=" ">
         <marc:subfield code="a">ISLRN: 671-675-113-200-7</marc:subfield>
      </marc:datafield>
      <marc:datafield tag="042" ind1=" " ind2=" ">
         <marc:subfield code="a">dc</marc:subfield>
      </marc:datafield>
      <marc:datafield tag="245" ind1="0" ind2="0">
         <marc:subfield code="a">FFMTIMIT</marc:subfield>
      </marc:datafield>
      <marc:datafield tag="264" ind1=" " ind2=" ">
         <marc:subfield code="a">[Philadelphia, Pennsylvania]: </marc:subfield>
         <marc:subfield code="b">Linguistic Data Consortium, </marc:subfield>
         <marc:subfield code="c">[1996]</marc:subfield>
      </marc:datafield>
      <marc:datafield tag="500" ind1=" " ind2=" ">
         <marc:subfield code="a">LDC96S32</marc:subfield>
      </marc:datafield>
      <marc:datafield tag="500" ind1=" " ind2=" ">
         <marc:subfield code="a">https://catalog.ldc.upenn.edu/LDC96S32</marc:subfield>
      </marc:datafield>
      <marc:datafield tag="520" ind1=" " ind2=" ">
         <marc:subfield code="a">FFMTIMIT contains the previously unreleased secondary microphone waveforms for TIMIT Acoustic-Phonetic Continuous Speech. The primary microphone waveforms, which were recorded using a close-talking noise-cancelling head-mounted Sennheiser microphone (model HMD-414), are available from LDC on NIST Speech Disc 1-1.1 (LDC93S1). The secondary microphone used in the recording of the TIMIT corpus was a Breul &amp; Kjaer (B&amp;K) 1/2" free-field microphone (model 4165). While the Sennheiser microphone recordings are relatively "clean" with respect to non-speech noise, the FFMTIMIT recordings include significant low frequency noise, which was due to the HVAC system and mechanical vibration transmitted through the floor of the double-walled sound booth used in recording. Because it is noiser than its TIMIT counterpart, the data of FFMTIMIT may be used in the development of more noise-robust speech recognition systems. In addition, this data may be of value to researchers involved in vocal tract modeling because the B&amp;K microphone has extremely flat free-field frequency response and calibration tones are provided. Note that the B&amp;K TIMIT data contained with this release has not been processed through any highpass filter, (e.g., the 1,581-point filter described in the paper "The DARPA Speech Recognition Research Database" by Fisher, Doddington and Goudie-Marshall in "DARPA TIMIT Acoustic-Phonetic Continuous Speech Corpus CD-ROM," NISTIR 4930 / NTIS Order No. PB93- 173938.)</marc:subfield>
      </marc:datafield>
      <marc:datafield tag="546" ind1=" " ind2=" ">
         <marc:subfield code="a">English</marc:subfield>
      </marc:datafield>
      <marc:datafield tag="655" ind1="7" ind2=" ">
         <marc:subfield code="a">Sound</marc:subfield>
         <marc:subfield code="2">DCMI Type</marc:subfield>
      </marc:datafield>
      <marc:datafield tag="700" ind1="1" ind2="0">
         <marc:subfield code="a">Garofolo, John S.</marc:subfield>
      </marc:datafield>
      <marc:datafield tag="700" ind1="1" ind2="0">
         <marc:subfield code="a">Lamel, Lori F.</marc:subfield>
      </marc:datafield>
      <marc:datafield tag="700" ind1="1" ind2="0">
         <marc:subfield code="a">Fisher, William M.</marc:subfield>
      </marc:datafield>
      <marc:datafield tag="700" ind1="1" ind2="0">
         <marc:subfield code="a">Fiscus, Jonathan G.</marc:subfield>
      </marc:datafield>
      <marc:datafield tag="700" ind1="1" ind2="0">
         <marc:subfield code="a">Pallett, David S.</marc:subfield>
      </marc:datafield>
      <marc:datafield tag="700" ind1="1" ind2="0">
         <marc:subfield code="a">Dahlgren, Nancy L.</marc:subfield>
      </marc:datafield>
      <marc:datafield tag="700" ind1="1" ind2="0">
         <marc:subfield code="a">Zue, Victor</marc:subfield>
      </marc:datafield>
   </marc:record>