
   <marc:record>
      <marc:leader>     nmm a22     3i 4500</marc:leader>
      <marc:controlfield tag="006">m     o  u        </marc:controlfield>
      <marc:controlfield tag="007">cu ||||||u||||</marc:controlfield>
      <marc:controlfield tag="008">      s1996    pau        u        mul d</marc:controlfield>
      <marc:datafield tag="020" ind1=" " ind2=" ">
         <marc:subfield code="a">1585630608</marc:subfield>
      </marc:datafield>
      <marc:datafield tag="024" ind1="8" ind2=" ">
         <marc:subfield code="a">LDC96S36</marc:subfield>
      </marc:datafield>
      <marc:datafield tag="024" ind1="8" ind2=" ">
         <marc:subfield code="a">ISLRN: 601-939-678-076-4</marc:subfield>
      </marc:datafield>
      <marc:datafield tag="042" ind1=" " ind2=" ">
         <marc:subfield code="a">dc</marc:subfield>
      </marc:datafield>
      <marc:datafield tag="245" ind1="0" ind2="0">
         <marc:subfield code="a">Boston University Radio Speech Corpus</marc:subfield>
      </marc:datafield>
      <marc:datafield tag="264" ind1=" " ind2=" ">
         <marc:subfield code="a">[Philadelphia, Pennsylvania]: </marc:subfield>
         <marc:subfield code="b">Linguistic Data Consortium, </marc:subfield>
         <marc:subfield code="c">[1996]</marc:subfield>
      </marc:datafield>
      <marc:datafield tag="500" ind1=" " ind2=" ">
         <marc:subfield code="a">LDC96S36</marc:subfield>
      </marc:datafield>
      <marc:datafield tag="500" ind1=" " ind2=" ">
         <marc:subfield code="a">https://catalog.ldc.upenn.edu/LDC96S36</marc:subfield>
      </marc:datafield>
      <marc:datafield tag="520" ind1=" " ind2=" ">
         <marc:subfield code="a">The Boston University Radio Speech Corpus was collected primarily to support research in text-to-speech synthesis, particularly generation of prosodic patterns. The corpus consists of professionally read radio news data, including speech and accompanying annotations, suitable for speech and language research. The corpus includes speech from seven (four male, three female) FM radio news announcers associated with WBUR, a public radio station. The main radio news portion of the corpus consists of over seven hours of news stories recorded in the WBUR radio studio during broadcasts over a two year period. In addition, the announcers were also recorded in a laboratory at Boston University. In this, the lab news portion, the announcers read a total of 24 stories from the radio news portion. The announcers were first asked to read the stories in their non-radio style and then, 30 minutes later, to read the same stories in their radio style. Each story read by an announcer was digitized in paragraph size units, which typically include several sentences. The files were digitized at a 16k Hz sample rate using a 16-bit A/D. The paragraphs were annotated with the orthographic transcription, phonetic alignments, part-of-speech tags and prosodic markers. The orthographic transcripts were generated by hand and include indication of where the speaker took a breath. The phonetic alignments and part-of-speech tags were generated automatically and hand corrected. The prosodic labels were marked by hand and are available only for a subset of the corpus. A zipped compressed file example.zip is available. Please be aware that this file is slightly larger than 1 Mb (1,278,998 bytes). An additional sample file, LDC1996.tgz and WAV sample are also available.</marc:subfield>
      </marc:datafield>
      <marc:datafield tag="546" ind1=" " ind2=" ">
         <marc:subfield code="a">English</marc:subfield>
      </marc:datafield>
      <marc:datafield tag="655" ind1="7" ind2=" ">
         <marc:subfield code="a">Sound</marc:subfield>
         <marc:subfield code="2">DCMI Type</marc:subfield>
      </marc:datafield>
      <marc:datafield tag="700" ind1="1" ind2="0">
         <marc:subfield code="a">Ostendorf, Mari</marc:subfield>
      </marc:datafield>
      <marc:datafield tag="700" ind1="1" ind2="0">
         <marc:subfield code="a">Price, Patti</marc:subfield>
      </marc:datafield>
      <marc:datafield tag="700" ind1="1" ind2="0">
         <marc:subfield code="a">Shattuck-Hufnagel, Stefanie</marc:subfield>
      </marc:datafield>
   </marc:record>