
   <marc:record>
      <marc:leader>     nmm a22     3i 4500</marc:leader>
      <marc:controlfield tag="006">m     o  u        </marc:controlfield>
      <marc:controlfield tag="007">cu ||||||u||||</marc:controlfield>
      <marc:controlfield tag="008">      s1994    pau        u        mul d</marc:controlfield>
      <marc:datafield tag="020" ind1=" " ind2=" ">
         <marc:subfield code="a">1585631108</marc:subfield>
      </marc:datafield>
      <marc:datafield tag="024" ind1="8" ind2=" ">
         <marc:subfield code="a">LDC97L20</marc:subfield>
      </marc:datafield>
      <marc:datafield tag="024" ind1="8" ind2=" ">
         <marc:subfield code="a">ISLRN: 119-159-358-214-6</marc:subfield>
      </marc:datafield>
      <marc:datafield tag="042" ind1=" " ind2=" ">
         <marc:subfield code="a">dc</marc:subfield>
      </marc:datafield>
      <marc:datafield tag="245" ind1="0" ind2="0">
         <marc:subfield code="a">CALLHOME American English Lexicon (PRONLEX)</marc:subfield>
      </marc:datafield>
      <marc:datafield tag="264" ind1=" " ind2=" ">
         <marc:subfield code="a">[Philadelphia, Pennsylvania]: </marc:subfield>
         <marc:subfield code="b">Linguistic Data Consortium, </marc:subfield>
         <marc:subfield code="c">[1994]</marc:subfield>
      </marc:datafield>
      <marc:datafield tag="500" ind1=" " ind2=" ">
         <marc:subfield code="a">LDC97L20</marc:subfield>
      </marc:datafield>
      <marc:datafield tag="500" ind1=" " ind2=" ">
         <marc:subfield code="a">https://catalog.ldc.upenn.edu/LDC97L20</marc:subfield>
      </marc:datafield>
      <marc:datafield tag="520" ind1=" " ind2=" ">
         <marc:subfield code="a">*Introduction* The CALLHOME English collection includes a lexical component. The CALLHOME American English Lexicon was originally distributed under the name COMLEX Pronouncing Lexicon, or PRONLEX. Organizations that have already received PRONLEX will not be required to purchase the CALLHOME American English Lexicon. *Data* The latest version of PRONLEX contains 90,988 lexical entries and includes coverage of WSJ30, WSJ64, Switchboard and CALLHOME English. (WSJ30K and WSJ64K are word lists selected from several years of Wall Street Journal texts used in recent ARPA Continuous Speech Recognition corpora. Switchboard is a three million word corpus of telephone conversations on a variety of topics.) The PRONLEX documentation describes the principles observed for word transcription. Although predictable variation in pronunciation due to dialect or variable reduction has not been notated in the lexicon itself, the documentation notes systematic dialectal variants, which may be generated by rule. In addition, alternate pronunciations are given for words whose pronunciation varies by part of speech (e.g., abstrAct, Abstract), or in less systematic but salient ways (especially names). Classes of exceptions to the transcription principles, such as names, function, words and foreign words, are tagged. Here is a sample page. The transcripts and documentation (LDC97T14) are available, as well as a corpus of telephone speech (LDC97L20). *Updates* There are no updates at this time.</marc:subfield>
      </marc:datafield>
      <marc:datafield tag="546" ind1=" " ind2=" ">
         <marc:subfield code="a">English</marc:subfield>
      </marc:datafield>
      <marc:datafield tag="655" ind1="7" ind2=" ">
         <marc:subfield code="a">Text</marc:subfield>
         <marc:subfield code="2">DCMI Type</marc:subfield>
      </marc:datafield>
      <marc:datafield tag="700" ind1="1" ind2="0">
         <marc:subfield code="a">Kingsbury, Paul</marc:subfield>
      </marc:datafield>
      <marc:datafield tag="700" ind1="1" ind2="0">
         <marc:subfield code="a">Strassel, Stephanie</marc:subfield>
      </marc:datafield>
      <marc:datafield tag="700" ind1="1" ind2="0">
         <marc:subfield code="a">McLemore, Cynthia</marc:subfield>
      </marc:datafield>
      <marc:datafield tag="700" ind1="1" ind2="0">
         <marc:subfield code="a">MacIntyre, Robert</marc:subfield>
      </marc:datafield>
   </marc:record>