
   <marc:record>
      <marc:leader>     nmm a22     3i 4500</marc:leader>
      <marc:controlfield tag="006">m     o  u        </marc:controlfield>
      <marc:controlfield tag="007">cu ||||||u||||</marc:controlfield>
      <marc:controlfield tag="008">      s1997    pau        u        mul d</marc:controlfield>
      <marc:datafield tag="020" ind1=" " ind2=" ">
         <marc:subfield code="a">1585631205</marc:subfield>
      </marc:datafield>
      <marc:datafield tag="024" ind1="8" ind2=" ">
         <marc:subfield code="a">LDC97S63</marc:subfield>
      </marc:datafield>
      <marc:datafield tag="024" ind1="8" ind2=" ">
         <marc:subfield code="a">ISLRN: 566-795-587-797-8</marc:subfield>
      </marc:datafield>
      <marc:datafield tag="042" ind1=" " ind2=" ">
         <marc:subfield code="a">dc</marc:subfield>
      </marc:datafield>
      <marc:datafield tag="245" ind1="0" ind2="0">
         <marc:subfield code="a">The CMU Kids Corpus</marc:subfield>
      </marc:datafield>
      <marc:datafield tag="264" ind1=" " ind2=" ">
         <marc:subfield code="a">[Philadelphia, Pennsylvania]: </marc:subfield>
         <marc:subfield code="b">Linguistic Data Consortium, </marc:subfield>
         <marc:subfield code="c">[1997]</marc:subfield>
      </marc:datafield>
      <marc:datafield tag="500" ind1=" " ind2=" ">
         <marc:subfield code="a">LDC97S63</marc:subfield>
      </marc:datafield>
      <marc:datafield tag="500" ind1=" " ind2=" ">
         <marc:subfield code="a">https://catalog.ldc.upenn.edu/LDC97S63</marc:subfield>
      </marc:datafield>
      <marc:datafield tag="520" ind1=" " ind2=" ">
         <marc:subfield code="a">*Introduction* This database is comprised of sentences read aloud by children. It was originally designed in order to create a training set of children's speech for the SPHINX II automatic speech recognizer for its use in the LISTEN project at Carnegie Mellon University. *Data* The children range in age from six to eleven (see details below) and were in first through third grades (the 11-year-old was in 6th grade) at the time of recording. There were 24 male and 52 female speakers. Although the girls outnumber the boys, we feel that the small difference in vocal tract length between the two at this age should make the effect of this imbalance negligible. There are 5,180 utterances in all. The speakers come from two separate populations. Since the LISTEN reading coach needed good examples of reading aloud, it was decided that the majority of the speakers should be "good" readers. They were recorded in the summer of 1995 and were enrolled in either the Chatham College Summer Camp or the Mount Lebanon Extended Day Summer Fun program in Pittsburgh. They were recorded on-site. This set will hereafter be called SUM95. There are 44 speakers and 3,333 utterances in this set. The LISTEN system also needed examples of errorful reading and dialectic variants. The readers who supplied this type of speech come from a school which has a high population of children who are at risk of growing up poor readers and who could therefore benefit from any reading tutor or other system built upon this database. They come from Fort Pitt School in Pittsburgh and were recorded in April 1996. This subset will be referred to as FP. There are 32 speakers and 1,847 utterances in this set. The list of speakers, the set they are in and the number of sentences per speaker can be found in the "tables" directory, in the file named "speaker.tbl." It should be noted that although there will be some dialectal variation in the speech of the SUM95 subset, the speech of the FP subset gives us a very good representation of dialects of the children that may be targeted for the LISTEN system. However, the user should be aware that the speakers' dialect partly reflects what is locally called "Pittsburghese." *Samples* Please view the following samples: * Audio Sample * Transcript Sample *Updates* There are no updates at this time.</marc:subfield>
      </marc:datafield>
      <marc:datafield tag="546" ind1=" " ind2=" ">
         <marc:subfield code="a">English</marc:subfield>
      </marc:datafield>
      <marc:datafield tag="655" ind1="7" ind2=" ">
         <marc:subfield code="a">Sound</marc:subfield>
         <marc:subfield code="2">DCMI Type</marc:subfield>
      </marc:datafield>
      <marc:datafield tag="700" ind1="1" ind2="0">
         <marc:subfield code="a">Eskenazi, Maxine</marc:subfield>
      </marc:datafield>
      <marc:datafield tag="700" ind1="1" ind2="0">
         <marc:subfield code="a">Mostow, Jack</marc:subfield>
      </marc:datafield>
      <marc:datafield tag="700" ind1="1" ind2="0">
         <marc:subfield code="a">Graff, David</marc:subfield>
      </marc:datafield>
   </marc:record>