
   <marc:record>
      <marc:leader>     nmm a22     3i 4500</marc:leader>
      <marc:controlfield tag="006">m     o  u        </marc:controlfield>
      <marc:controlfield tag="007">cu ||||||u||||</marc:controlfield>
      <marc:controlfield tag="008">      s1997    pau        u        mul d</marc:controlfield>
      <marc:datafield tag="020" ind1=" " ind2=" ">
         <marc:subfield code="a">1585631493</marc:subfield>
      </marc:datafield>
      <marc:datafield tag="024" ind1="8" ind2=" ">
         <marc:subfield code="a">LDC97T22</marc:subfield>
      </marc:datafield>
      <marc:datafield tag="024" ind1="8" ind2=" ">
         <marc:subfield code="a">ISLRN: 444-268-955-648-0</marc:subfield>
      </marc:datafield>
      <marc:datafield tag="042" ind1=" " ind2=" ">
         <marc:subfield code="a">dc</marc:subfield>
      </marc:datafield>
      <marc:datafield tag="245" ind1="0" ind2="0">
         <marc:subfield code="a">1996 English Broadcast News Transcripts (HUB4)</marc:subfield>
      </marc:datafield>
      <marc:datafield tag="264" ind1=" " ind2=" ">
         <marc:subfield code="a">[Philadelphia, Pennsylvania]: </marc:subfield>
         <marc:subfield code="b">Linguistic Data Consortium, </marc:subfield>
         <marc:subfield code="c">[1997]</marc:subfield>
      </marc:datafield>
      <marc:datafield tag="500" ind1=" " ind2=" ">
         <marc:subfield code="a">LDC97T22</marc:subfield>
      </marc:datafield>
      <marc:datafield tag="500" ind1=" " ind2=" ">
         <marc:subfield code="a">https://catalog.ldc.upenn.edu/LDC97T22</marc:subfield>
      </marc:datafield>
      <marc:datafield tag="520" ind1=" " ind2=" ">
         <marc:subfield code="a">LDC97S44 - Speech data LDC97S66 - Dev and eval LDC97T22 - Transcripts *Introduction* The 1996 Broadcast News Speech Corpus contains a total of 104 hours of broadcasts from ABC, CNN, and CSPAN television networks and NPR and PRI radio networks with corresponding transcripts. The primary motivation for this collection is to provide training data for the DARPA "HUB4" Project on continuous speech recognition in the broadcast domain. The speech files are available in a 19 disc training data set with one additional disc of development data and an additional disc of evaluation data. The following programs are represented in this corpus: * ABC Nightline * ABC World Nightly News * ABC World News Tonight * CNN Early Edition * CNN Early Prime News * CNN Headline News * CNN Prime Time News * CNN The World Today * CSPAN Washington Journal * NPR All Things Considered * NPR Marketplace *Data* Transcripts have been made of all recordings in this publication, manually time aligned to the phrasal level, annotated to identify boundaries between news stories, speaker turn boundaries and gender information about the speakers. The released version of the transcripts is in SGML format and there is accompanying documentation and an SGML DTD file, included with the transcription release. The transcripts are available via FTP. *Updates* There are no updates at this time. *Samples* * Text *Pricing* The Reduced Licensing Fee for this corpus is US$100.</marc:subfield>
      </marc:datafield>
      <marc:datafield tag="546" ind1=" " ind2=" ">
         <marc:subfield code="a">English</marc:subfield>
      </marc:datafield>
      <marc:datafield tag="655" ind1="7" ind2=" ">
         <marc:subfield code="a">Text</marc:subfield>
         <marc:subfield code="2">DCMI Type</marc:subfield>
      </marc:datafield>
      <marc:datafield tag="700" ind1="1" ind2="0">
         <marc:subfield code="a">Graff, David</marc:subfield>
      </marc:datafield>
      <marc:datafield tag="700" ind1="1" ind2="0">
         <marc:subfield code="a">Alabiso, Jennifer</marc:subfield>
      </marc:datafield>
   </marc:record>