
   <marc:record>
      <marc:leader>     nmm a22     3i 4500</marc:leader>
      <marc:controlfield tag="006">m     o  u        </marc:controlfield>
      <marc:controlfield tag="007">cu ||||||u||||</marc:controlfield>
      <marc:controlfield tag="008">      s1998    pau        u        mul d</marc:controlfield>
      <marc:datafield tag="020" ind1=" " ind2=" ">
         <marc:subfield code="a">1585631302</marc:subfield>
      </marc:datafield>
      <marc:datafield tag="024" ind1="8" ind2=" ">
         <marc:subfield code="a">LDC98S67</marc:subfield>
      </marc:datafield>
      <marc:datafield tag="024" ind1="8" ind2=" ">
         <marc:subfield code="a">ISLRN: 866-042-083-505-7</marc:subfield>
      </marc:datafield>
      <marc:datafield tag="042" ind1=" " ind2=" ">
         <marc:subfield code="a">dc</marc:subfield>
      </marc:datafield>
      <marc:datafield tag="245" ind1="0" ind2="0">
         <marc:subfield code="a">HTIMIT</marc:subfield>
      </marc:datafield>
      <marc:datafield tag="264" ind1=" " ind2=" ">
         <marc:subfield code="a">[Philadelphia, Pennsylvania]: </marc:subfield>
         <marc:subfield code="b">Linguistic Data Consortium, </marc:subfield>
         <marc:subfield code="c">[1998]</marc:subfield>
      </marc:datafield>
      <marc:datafield tag="500" ind1=" " ind2=" ">
         <marc:subfield code="a">LDC98S67</marc:subfield>
      </marc:datafield>
      <marc:datafield tag="500" ind1=" " ind2=" ">
         <marc:subfield code="a">https://catalog.ldc.upenn.edu/LDC98S67</marc:subfield>
      </marc:datafield>
      <marc:datafield tag="520" ind1=" " ind2=" ">
         <marc:subfield code="a">*Introduction* The HTIMIT corpus is a re-recording of a subset of the TIMIT corpus through different telephone handsets. The aim was to create a corpus for the study of telephone transducer effects on speech which minimized confounding factors, such as variable telephone channels and background noise. HTIMIT was created by playing ten TIMIT sentences from 192 male and 192 females through a stereo loudspeaker into different transducers positioned directly in front of the loudspeaker and digitizing the output from the transducers. Ten (10) transducers (telephone handsets) were used. Most of these were not new; handsets with obvious damage were not used, but in order to obtain some diversity with a limited number of handsets, handsets were selected to have variable sound characteristics, transducer designs or, in the case of electrets, different grill designs. Further information about the handsets is provided in the corpus documentation. *Data* The collection procedure was not ideal with respect to realism of sound transduction, but it does allow for the collection of speech from a large number of speakers repeating identical speech on each instance. Furthermore, coupled with the phonetic markings from the original TIMIT corpus, HTIMIT offers the ability to study handset transducer effects on speech recognition systems. To address the realism of the sound transduction in HTIMIT, a second corpus using the same handsets but with live people speaking into the handsets is also available. This corpus is called the Lincoln Laboratory Handset Database (LLHDB) LDC93S68. *Updates* There are no updates at this time.</marc:subfield>
      </marc:datafield>
      <marc:datafield tag="546" ind1=" " ind2=" ">
         <marc:subfield code="a">English</marc:subfield>
      </marc:datafield>
      <marc:datafield tag="655" ind1="7" ind2=" ">
         <marc:subfield code="a">Sound</marc:subfield>
         <marc:subfield code="2">DCMI Type</marc:subfield>
      </marc:datafield>
      <marc:datafield tag="700" ind1="1" ind2="0">
         <marc:subfield code="a">Reynolds, Douglas</marc:subfield>
      </marc:datafield>
   </marc:record>