
   <marc:record>
      <marc:leader>     nmm a22     3i 4500</marc:leader>
      <marc:controlfield tag="006">m     o  u        </marc:controlfield>
      <marc:controlfield tag="007">cu ||||||u||||</marc:controlfield>
      <marc:controlfield tag="008">      s1998    pau        u        mul d</marc:controlfield>
      <marc:datafield tag="020" ind1=" " ind2=" ">
         <marc:subfield code="a">1585631361</marc:subfield>
      </marc:datafield>
      <marc:datafield tag="024" ind1="8" ind2=" ">
         <marc:subfield code="a">LDC98S68</marc:subfield>
      </marc:datafield>
      <marc:datafield tag="024" ind1="8" ind2=" ">
         <marc:subfield code="a">ISLRN: 842-109-246-373-3</marc:subfield>
      </marc:datafield>
      <marc:datafield tag="042" ind1=" " ind2=" ">
         <marc:subfield code="a">dc</marc:subfield>
      </marc:datafield>
      <marc:datafield tag="245" ind1="0" ind2="0">
         <marc:subfield code="a">LLHDB</marc:subfield>
      </marc:datafield>
      <marc:datafield tag="264" ind1=" " ind2=" ">
         <marc:subfield code="a">[Philadelphia, Pennsylvania]: </marc:subfield>
         <marc:subfield code="b">Linguistic Data Consortium, </marc:subfield>
         <marc:subfield code="c">[1998]</marc:subfield>
      </marc:datafield>
      <marc:datafield tag="500" ind1=" " ind2=" ">
         <marc:subfield code="a">LDC98S68</marc:subfield>
      </marc:datafield>
      <marc:datafield tag="500" ind1=" " ind2=" ">
         <marc:subfield code="a">https://catalog.ldc.upenn.edu/LDC98S68</marc:subfield>
      </marc:datafield>
      <marc:datafield tag="520" ind1=" " ind2=" ">
         <marc:subfield code="a">*Introduction* LLHDB consists of recordings of people speaking into ten different telephone handsets. The aim was to create a corpus for the study of telephone transducer effects on speech which minimized confounding factors, such as variable telephone channels and background noise. LLHDB was created by having volunteers speak prompted and extemporaneous speech into different transducers in a sound-proof room and directly digitizing the output from the transducers on a SunSparc A/D at a 8kHz sampling rate and a 16-bit resolution. *Data* There were three types of speech recorded for each handset. First, the speaker read the "rainbow passage" [Nolan 83], a 97 word passage sometimes used in phonetic research. Second, the speaker read ten sentences extracted from TIMIT (LDC93S1). Finally, the speaker was asked to describe a photograph for approximately 40 seconds (a different photograph was used for each handset). LLHDB contains speech from 53 speakers (24 males and 29 females) recruited from the laboratory. Because the same handsets are used in both HTIMIT (LDC98S67) and LLHDB, it is possible to compare the effects of the two different recording methods. *Updates* Relative to the original CD-ROMs produced in 1998 by the Linguistic Data Consortium, the extension of the audio files was changed from ".wav" to ".sph."</marc:subfield>
      </marc:datafield>
      <marc:datafield tag="546" ind1=" " ind2=" ">
         <marc:subfield code="a">English</marc:subfield>
      </marc:datafield>
      <marc:datafield tag="655" ind1="7" ind2=" ">
         <marc:subfield code="a">Sound</marc:subfield>
         <marc:subfield code="2">DCMI Type</marc:subfield>
      </marc:datafield>
      <marc:datafield tag="700" ind1="1" ind2="0">
         <marc:subfield code="a">Reynolds, Douglas</marc:subfield>
      </marc:datafield>
   </marc:record>