
   <marc:record>
      <marc:leader>     nmm a22     3i 4500</marc:leader>
      <marc:controlfield tag="006">m     o  u        </marc:controlfield>
      <marc:controlfield tag="007">cu ||||||u||||</marc:controlfield>
      <marc:controlfield tag="008">      s1998    pau        u        mul d</marc:controlfield>
      <marc:datafield tag="020" ind1=" " ind2=" ">
         <marc:subfield code="a">1585631221</marc:subfield>
      </marc:datafield>
      <marc:datafield tag="024" ind1="8" ind2=" ">
         <marc:subfield code="a">LDC98T31</marc:subfield>
      </marc:datafield>
      <marc:datafield tag="024" ind1="8" ind2=" ">
         <marc:subfield code="a">ISLRN: 905-430-625-113-0</marc:subfield>
      </marc:datafield>
      <marc:datafield tag="042" ind1=" " ind2=" ">
         <marc:subfield code="a">dc</marc:subfield>
      </marc:datafield>
      <marc:datafield tag="245" ind1="0" ind2="0">
         <marc:subfield code="a">1996 CSR HUB4 Language Model</marc:subfield>
      </marc:datafield>
      <marc:datafield tag="264" ind1=" " ind2=" ">
         <marc:subfield code="a">[Philadelphia, Pennsylvania]: </marc:subfield>
         <marc:subfield code="b">Linguistic Data Consortium, </marc:subfield>
         <marc:subfield code="c">[1998]</marc:subfield>
      </marc:datafield>
      <marc:datafield tag="500" ind1=" " ind2=" ">
         <marc:subfield code="a">LDC98T31</marc:subfield>
      </marc:datafield>
      <marc:datafield tag="500" ind1=" " ind2=" ">
         <marc:subfield code="a">https://catalog.ldc.upenn.edu/LDC98T31</marc:subfield>
      </marc:datafield>
      <marc:datafield tag="520" ind1=" " ind2=" ">
         <marc:subfield code="a">*Introduction* This corpus contains data from transcribed news broadcasts, designated for use in the baseline language model (LM) for the 1996 CSR HUB4 Evaluation. *Data* The LDC obtained the bulk of the data from broadcast news CD-ROMs produced by Primary Source Media, Inc. This portion includes the period from January 1992 to April 1996 and contains approximately one gigabyte of data uncompressed. This release also includes about 36 megabytes of material received on floppy disks covering the period from late May through June 1996, with somewhat different format from the bulk of the data. The text data are presented in two forms: (1) a relatively unprocessed ("raw" or "sentence-tagged") form and (2) a fully processed ("conditioned," "verbalized-punctuation") form. The "raw" form includes the header and footer information accompanying the articles, such as network, show name, headline, copyright, credits and so forth; the text and ancillary data are presented in a fairly consistent (though simple) SGML format. The "processed" form contains only the text content of the articles, together with SGML tags to mark the boundaries of articles, paragraphs and sentences; the text content has been modified by replacing numeric strings (dates, dollar amounts, quantities) with orthographic strings (e.g. "nineteen ninety six"), replacing abbreviations ("Inc.," "Ltd.," "Corp.," etc.) with corresponding full-word forms and replacing punctuation characters with corresponding word tokens (e.g. "," becomes "COMMA"). This release also includes an archive of the tools used to create the "processed" form of the data. *Updates* There are no updates at this time. *Additional Licensing Instructions* This 'members-only' corpora is available to current members who can request the data at the listed reduced-license fee. Contact ldc@ldc.upenn.edu for information about becoming a member.</marc:subfield>
      </marc:datafield>
      <marc:datafield tag="546" ind1=" " ind2=" ">
         <marc:subfield code="a">English</marc:subfield>
      </marc:datafield>
      <marc:datafield tag="655" ind1="7" ind2=" ">
         <marc:subfield code="a">Text</marc:subfield>
         <marc:subfield code="2">DCMI Type</marc:subfield>
      </marc:datafield>
      <marc:datafield tag="700" ind1="1" ind2="0">
         <marc:subfield code="a">MacIntyre, Robert</marc:subfield>
      </marc:datafield>
   </marc:record>