
   <marc:record>
      <marc:leader>     nmm a22     3i 4500</marc:leader>
      <marc:controlfield tag="006">m     o  u        </marc:controlfield>
      <marc:controlfield tag="007">cu ||||||u||||</marc:controlfield>
      <marc:controlfield tag="008">      s1998    pau        u        mul d</marc:controlfield>
      <marc:datafield tag="020" ind1=" " ind2=" ">
         <marc:subfield code="a">1585631353</marc:subfield>
      </marc:datafield>
      <marc:datafield tag="024" ind1="8" ind2=" ">
         <marc:subfield code="a">LDC98T32</marc:subfield>
      </marc:datafield>
      <marc:datafield tag="024" ind1="8" ind2=" ">
         <marc:subfield code="a">ISLRN: 380-519-899-609-3</marc:subfield>
      </marc:datafield>
      <marc:datafield tag="042" ind1=" " ind2=" ">
         <marc:subfield code="a">dc</marc:subfield>
      </marc:datafield>
      <marc:datafield tag="245" ind1="0" ind2="0">
         <marc:subfield code="a">JURIS</marc:subfield>
      </marc:datafield>
      <marc:datafield tag="264" ind1=" " ind2=" ">
         <marc:subfield code="a">[Philadelphia, Pennsylvania]: </marc:subfield>
         <marc:subfield code="b">Linguistic Data Consortium, </marc:subfield>
         <marc:subfield code="c">[1998]</marc:subfield>
      </marc:datafield>
      <marc:datafield tag="500" ind1=" " ind2=" ">
         <marc:subfield code="a">LDC98T32</marc:subfield>
      </marc:datafield>
      <marc:datafield tag="500" ind1=" " ind2=" ">
         <marc:subfield code="a">https://catalog.ldc.upenn.edu/LDC98T32</marc:subfield>
      </marc:datafield>
      <marc:datafield tag="520" ind1=" " ind2=" ">
         <marc:subfield code="a">*Introduction* This publication represents a release of the JURIS (Justice Department Retrieval and Inquiry System) data collection that has been made available to the Linguistic Data Consortium (LDC) by the U.S. Department of Justice. The time span of the text ranges from the 1700s to the early 1990s. *Data* There are 1,664 individual text files in the corpus, 1011 on the first CD-ROM and 653 on the second. The original archive consisted of 219 files ranging between less than 1 MB and nearly 70 MB in size. In order to make the data more accessible for researchuse, we chose to divide the larger files into pieces, such that the average file size was about 2 MB when uncompressed (the largest uncompressed file size is about 4.5 MB). Divisions of the files were done at document boundaries, so all files contain whole documents. There are a total of 694,667 document units in the corpus and these can be categorized to some extent with regard to their content. The following is a partial list of categories and their descriptions drawn from JURIS documentation contained in the corpus. The terminology and organization of categories are those used in the JURIS documentation: * Case Law * Executive Order * Regulations * Federal Register * Statutory Law * Administrative Law * International Agreements * Freedom of Information Act and related documents * Indian Law * Tax Law * Brief As many of the documents contain Social Security Numbers of the parties involved, these have been redacted to protect the privacy of those individuals. All valid Social Security Numbers have been replaced with the string XXX-XX-XXXX. In some documents, number strings may be identified as Social Security Numbers, but they are in fact substitutions such as the series, 123-45-6789 or 987-65-4321. These ersatz numbers have been left unchanged. Some personal names have also been redacted and replaced with XXXXXXXX. *Updates* There are no updates at this time.</marc:subfield>
      </marc:datafield>
      <marc:datafield tag="546" ind1=" " ind2=" ">
         <marc:subfield code="a">English</marc:subfield>
      </marc:datafield>
      <marc:datafield tag="655" ind1="7" ind2=" ">
         <marc:subfield code="a">Text</marc:subfield>
         <marc:subfield code="2">DCMI Type</marc:subfield>
      </marc:datafield>
      <marc:datafield tag="700" ind1="1" ind2="0">
         <marc:subfield code="a">Canavan, Alexandra</marc:subfield>
      </marc:datafield>
      <marc:datafield tag="700" ind1="1" ind2="0">
         <marc:subfield code="a">Morgovsky, Paul</marc:subfield>
      </marc:datafield>
   </marc:record>