
   <marc:record>
      <marc:leader>     nmm a22     3i 4500</marc:leader>
      <marc:controlfield tag="006">m     o  u        </marc:controlfield>
      <marc:controlfield tag="007">cu ||||||u||||</marc:controlfield>
      <marc:controlfield tag="008">      s1999    pau        u        mul d</marc:controlfield>
      <marc:datafield tag="024" ind1="8" ind2=" ">
         <marc:subfield code="a">LDC99S83</marc:subfield>
      </marc:datafield>
      <marc:datafield tag="024" ind1="8" ind2=" ">
         <marc:subfield code="a">ISLRN: 389-320-759-767-3</marc:subfield>
      </marc:datafield>
      <marc:datafield tag="042" ind1=" " ind2=" ">
         <marc:subfield code="a">dc</marc:subfield>
      </marc:datafield>
      <marc:datafield tag="245" ind1="0" ind2="0">
         <marc:subfield code="a">Tactical Speaker Identification Speech Corpus (TSID)</marc:subfield>
      </marc:datafield>
      <marc:datafield tag="264" ind1=" " ind2=" ">
         <marc:subfield code="a">[Philadelphia, Pennsylvania]: </marc:subfield>
         <marc:subfield code="b">Linguistic Data Consortium, </marc:subfield>
         <marc:subfield code="c">[1999]</marc:subfield>
      </marc:datafield>
      <marc:datafield tag="500" ind1=" " ind2=" ">
         <marc:subfield code="a">LDC99S83</marc:subfield>
      </marc:datafield>
      <marc:datafield tag="500" ind1=" " ind2=" ">
         <marc:subfield code="a">https://catalog.ldc.upenn.edu/LDC99S83</marc:subfield>
      </marc:datafield>
      <marc:datafield tag="520" ind1=" " ind2=" ">
         <marc:subfield code="a">*Introduction* The Tactical Speaker Identification Corpus (TSID), which was collected by Douglas Reynolds and Gerald C. O'Leary of MIT Lincoln Labs, contains recordings of 35 speakers (four female, 31 male), using a variety of different radio transmitters and receivers. *Data* The recording sessions were conducted by assembling the speakers into seven groups of five, then having each speaker perform the following tasks: - read a list of TIMIT sentences - read a list of digit strings - give directions for traveling from one point to another using a map (unscripted map task) Each speaker performed this set of tasks on each of three transmitters (xmtr1-3), and the utterances were recorded simlutaneously on DAT recorders attached to each of six receivers (rcvr1-6), which were located at some distance (well out of ear-shot) from the transmitter. Recordings were also made at the same time on a DAT recorder near the speaker using a head-mounted microphone to provide a reference wide-band recording of the speech (refwb). As a result, the corpus is organized along four dimensions: speaker, transmitter, receiver, and speaking task; this organization can be viewed as a four-dimensional matrix, with 35x3x7x3 cells. Due to some occasional mishaps and malfunctions during the collection, some cells in this matrix are either empty or only partially full. In addition to the tasks listed above, three pairs of speakers also participated in a two-way map task using xmtr3; in this case, one of the speakers in the task gives directions to the other for tracing a route on a map, and both speakers are recorded on a single audio channel at each of the receivers (except for the "refwb" recording: the two speakers were separated by some distance, using radio communication to perform the task, and only one of them used a head-mounted microphone and local DAT recorder for wide-band recording). *Updates* There are no updates at this time.</marc:subfield>
      </marc:datafield>
      <marc:datafield tag="546" ind1=" " ind2=" ">
         <marc:subfield code="a">English</marc:subfield>
      </marc:datafield>
      <marc:datafield tag="655" ind1="7" ind2=" ">
         <marc:subfield code="a">Sound</marc:subfield>
         <marc:subfield code="2">DCMI Type</marc:subfield>
      </marc:datafield>
      <marc:datafield tag="700" ind1="1" ind2="0">
         <marc:subfield code="a">Graff, David</marc:subfield>
      </marc:datafield>
      <marc:datafield tag="700" ind1="1" ind2="0">
         <marc:subfield code="a">Reynolds, Douglas</marc:subfield>
      </marc:datafield>
      <marc:datafield tag="700" ind1="1" ind2="0">
         <marc:subfield code="a">O'Leary, Gerald C.</marc:subfield>
      </marc:datafield>
   </marc:record>