
   <marc:record>
      <marc:leader>     nmm a22     3i 4500</marc:leader>
      <marc:controlfield tag="006">m     o  u        </marc:controlfield>
      <marc:controlfield tag="007">cu ||||||u||||</marc:controlfield>
      <marc:controlfield tag="008">      s2007    pau        u        mul d</marc:controlfield>
      <marc:datafield tag="020" ind1=" " ind2=" ">
         <marc:subfield code="a">1585633925</marc:subfield>
      </marc:datafield>
      <marc:datafield tag="024" ind1="8" ind2=" ">
         <marc:subfield code="a">LDC2007S08</marc:subfield>
      </marc:datafield>
      <marc:datafield tag="024" ind1="8" ind2=" ">
         <marc:subfield code="a">ISLRN: 108-265-441-199-4</marc:subfield>
      </marc:datafield>
      <marc:datafield tag="042" ind1=" " ind2=" ">
         <marc:subfield code="a">dc</marc:subfield>
      </marc:datafield>
      <marc:datafield tag="245" ind1="0" ind2="0">
         <marc:subfield code="a">CSLU: Foreign Accented English Release 1.2</marc:subfield>
      </marc:datafield>
      <marc:datafield tag="264" ind1=" " ind2=" ">
         <marc:subfield code="a">[Philadelphia, Pennsylvania]: </marc:subfield>
         <marc:subfield code="b">Linguistic Data Consortium, </marc:subfield>
         <marc:subfield code="c">[2007]</marc:subfield>
      </marc:datafield>
      <marc:datafield tag="500" ind1=" " ind2=" ">
         <marc:subfield code="a">LDC2007S08</marc:subfield>
      </marc:datafield>
      <marc:datafield tag="500" ind1=" " ind2=" ">
         <marc:subfield code="a">https://catalog.ldc.upenn.edu/LDC2007S08</marc:subfield>
      </marc:datafield>
      <marc:datafield tag="520" ind1=" " ind2=" ">
         <marc:subfield code="a">*Introduction* This file contains documentation on CSLU: Foreign Accented English Release 1.2, Linguistic Data Consortium (LDC) catalog number LDC2006S38 and isbn 1-58563-392-5. CSLU: Foreign Accented English Release 1.2 consists of continuous speech in English by native speakers of 22 different languages: Arabic, Cantonese, Czech, Farsi, French, German, Hindi, Hungarian, Indonesian, Italian, Japanese, Korean, Mandarin Chinese, Malay, Polish, Portuguese (Brazilian and Iberian), Russian, Swedish, Spanish, Swahili, Tamil and Vietnamese. The corpus contains 4925 telephone-quality utterances, information about the speakers' linguistic backgrounds and perceptual judgments about the accents in the utterances. The speakers were asked to speak about themselves in English for 20 seconds. Three native speakers of American English independently listened to each utterance and judged the speakers' accents on a 4-point scale: negligible/no accent, mild accent, strong accent and very strong accent. This corpus is intended to support the study of the underlying characteristics of foreign accent and to enable research, development and evaluation of algorithms for the identification and understanding of accented speech. Some of the files in this corpus are also contained in CSLU: 22 Languages Corpus, LDC2005S26. *Samples* For an example of the data in this corpus, please listen to this audio sample.</marc:subfield>
      </marc:datafield>
      <marc:datafield tag="546" ind1=" " ind2=" ">
         <marc:subfield code="a">English</marc:subfield>
      </marc:datafield>
      <marc:datafield tag="655" ind1="7" ind2=" ">
         <marc:subfield code="a">Sound</marc:subfield>
         <marc:subfield code="2">DCMI Type</marc:subfield>
      </marc:datafield>
      <marc:datafield tag="700" ind1="1" ind2="0">
         <marc:subfield code="a">Lander, T.</marc:subfield>
      </marc:datafield>
   </marc:record>