
   <marc:record>
      <marc:leader>     nmm a22     3i 4500</marc:leader>
      <marc:controlfield tag="006">m     o  u        </marc:controlfield>
      <marc:controlfield tag="007">cu ||||||u||||</marc:controlfield>
      <marc:controlfield tag="008">      s2007    pau        u        mul d</marc:controlfield>
      <marc:datafield tag="024" ind1="8" ind2=" ">
         <marc:subfield code="a">LDC2007S05</marc:subfield>
      </marc:datafield>
      <marc:datafield tag="024" ind1="8" ind2=" ">
         <marc:subfield code="a">ISLRN: 910-955-859-747-8</marc:subfield>
      </marc:datafield>
      <marc:datafield tag="042" ind1=" " ind2=" ">
         <marc:subfield code="a">dc</marc:subfield>
      </marc:datafield>
      <marc:datafield tag="245" ind1="0" ind2="0">
         <marc:subfield code="a">CSLU: Yes/No Version 1.2</marc:subfield>
      </marc:datafield>
      <marc:datafield tag="264" ind1=" " ind2=" ">
         <marc:subfield code="a">[Philadelphia, Pennsylvania]: </marc:subfield>
         <marc:subfield code="b">Linguistic Data Consortium, </marc:subfield>
         <marc:subfield code="c">[2007]</marc:subfield>
      </marc:datafield>
      <marc:datafield tag="500" ind1=" " ind2=" ">
         <marc:subfield code="a">LDC2007S05</marc:subfield>
      </marc:datafield>
      <marc:datafield tag="500" ind1=" " ind2=" ">
         <marc:subfield code="a">https://catalog.ldc.upenn.edu/LDC2007S05</marc:subfield>
      </marc:datafield>
      <marc:datafield tag="520" ind1=" " ind2=" ">
         <marc:subfield code="a">*Introduction* This file contains documentation for CSLU:Yes/No Version 1.2, Linguistic Data Consortium (LDC) catalog number LDC2007S05 and isbn 1-58563-445-X. CSLU: Yes/No Version 1.2 is a collection of answers to yes/no questions from various telephone speech corpora created by the Center for Spoken Language Understanding, Oregon Health and Science University (CSLU). The corpus contains approximately 20,000 examples of roughly 18,000 speakers saying "yes" or "no" in response to various questions. Each speech file in the corpus has a corresopnding orthographic transcription following the CSLU Labeling Conventions. In cases where a transcription did not already exist, the utterance was run through a speech recognizer to automatically obtain the transcription. The data were collected from both analog and digital phone lines. The analog data were recorded using a Gradient Technologies analog-to-digital conversion box. These files were recorded as 16-bit, 8 khz and stored in a linear format. The digital data were recorded with the CSLU T1 digital data collection system. These files were sampled at 8 khz 8-bit and stored as ulaw files. All of the data use the RIFF standard file format. This file format is 16-bit linearly encoded. *Samples* For a sample of the audio in this corpus, please listen to this sample .</marc:subfield>
      </marc:datafield>
      <marc:datafield tag="546" ind1=" " ind2=" ">
         <marc:subfield code="a">English</marc:subfield>
      </marc:datafield>
      <marc:datafield tag="655" ind1="7" ind2=" ">
         <marc:subfield code="a">Sound</marc:subfield>
         <marc:subfield code="2">DCMI Type</marc:subfield>
      </marc:datafield>
      <marc:datafield tag="700" ind1="1" ind2="0">
         <marc:subfield code="a">Noel, Mike</marc:subfield>
      </marc:datafield>
   </marc:record>