
   <marc:record>
      <marc:leader>     nmm a22     3i 4500</marc:leader>
      <marc:controlfield tag="006">m     o  u        </marc:controlfield>
      <marc:controlfield tag="007">cu ||||||u||||</marc:controlfield>
      <marc:controlfield tag="008">      s2007    pau        u        mul d</marc:controlfield>
      <marc:datafield tag="020" ind1=" " ind2=" ">
         <marc:subfield code="a">1585634565</marc:subfield>
      </marc:datafield>
      <marc:datafield tag="024" ind1="8" ind2=" ">
         <marc:subfield code="a">LDC2007S13</marc:subfield>
      </marc:datafield>
      <marc:datafield tag="024" ind1="8" ind2=" ">
         <marc:subfield code="a">ISLRN: 281-421-598-631-6</marc:subfield>
      </marc:datafield>
      <marc:datafield tag="042" ind1=" " ind2=" ">
         <marc:subfield code="a">dc</marc:subfield>
      </marc:datafield>
      <marc:datafield tag="245" ind1="0" ind2="0">
         <marc:subfield code="a">CSLU: Apple Words and Phrases</marc:subfield>
      </marc:datafield>
      <marc:datafield tag="264" ind1=" " ind2=" ">
         <marc:subfield code="a">[Philadelphia, Pennsylvania]: </marc:subfield>
         <marc:subfield code="b">Linguistic Data Consortium, </marc:subfield>
         <marc:subfield code="c">[2007]</marc:subfield>
      </marc:datafield>
      <marc:datafield tag="500" ind1=" " ind2=" ">
         <marc:subfield code="a">LDC2007S13</marc:subfield>
      </marc:datafield>
      <marc:datafield tag="500" ind1=" " ind2=" ">
         <marc:subfield code="a">https://catalog.ldc.upenn.edu/LDC2007S13</marc:subfield>
      </marc:datafield>
      <marc:datafield tag="520" ind1=" " ind2=" ">
         <marc:subfield code="a">*Introduction* Apple Words and Phrases Version 1.3 contains approximately 69.5 hours of speech from 3008 telephone calls placed on analog and digital phone systems. Apple Computer, Inc. supported the development of this data and also supplied the list of words and phrases collected. Callers responded to questions and repeated a list of phrases as they were prompted. *Data* Subjects calling the analog system (998 callers) were employees of Apple Computer, Inc. and were solicited through interoffice email within the company. Subjects calling the digital system (2010 callers) were responding to USEnet postings or newspaper advertisements placed in several cities across the United States. Each subject called the CSLU data collection system by dialing a toll-free number. The analog data were collected via a Worldport Pod on an Apple Quadra A/V. The digital data were collected with the CSLU T1 digital data collection system. Callers were prompted to answer certain questions including, What is your native language? In which city and state did you spend most of your childhood? What time is it now? What day is today? Callers were also instructed to repeat various comnand and control type phrases, including "play previous message again", "make a meeting for today", "quit", "who is at work", "what is the area code for this state", "hello, what are my messages", "help", "please send a car from the city", "delete my email tomorrow", "read this text", "erase all information", "record extended phonebook", "transfer all calls to home at twelve o'clock", "record urgent message" and "find the operator". Each recorded utterance was listened to by a human verifier to determine if the speaker adequately followed the directions. If an utterance contained extraneous words or excessive noise, it was not included in the corpus. *Samples* * Analog * Digital</marc:subfield>
      </marc:datafield>
      <marc:datafield tag="546" ind1=" " ind2=" ">
         <marc:subfield code="a">English</marc:subfield>
      </marc:datafield>
      <marc:datafield tag="655" ind1="7" ind2=" ">
         <marc:subfield code="a">Sound</marc:subfield>
         <marc:subfield code="2">DCMI Type</marc:subfield>
      </marc:datafield>
      <marc:datafield tag="700" ind1="1" ind2="0">
         <marc:subfield code="a">Noel, Mike</marc:subfield>
      </marc:datafield>
   </marc:record>