
   <marc:record>
      <marc:leader>     nmm a22     3i 4500</marc:leader>
      <marc:controlfield tag="006">m     o  u        </marc:controlfield>
      <marc:controlfield tag="007">cu ||||||u||||</marc:controlfield>
      <marc:controlfield tag="008">      s2005    pau        u        mul d</marc:controlfield>
      <marc:datafield tag="020" ind1=" " ind2=" ">
         <marc:subfield code="a">1585633585</marc:subfield>
      </marc:datafield>
      <marc:datafield tag="024" ind1="8" ind2=" ">
         <marc:subfield code="a">LDC2005T24</marc:subfield>
      </marc:datafield>
      <marc:datafield tag="024" ind1="8" ind2=" ">
         <marc:subfield code="a">ISLRN: 314-507-149-954-5</marc:subfield>
      </marc:datafield>
      <marc:datafield tag="042" ind1=" " ind2=" ">
         <marc:subfield code="a">dc</marc:subfield>
      </marc:datafield>
      <marc:datafield tag="245" ind1="0" ind2="0">
         <marc:subfield code="a">RT-04 MDE Training Data Text/Annotations</marc:subfield>
      </marc:datafield>
      <marc:datafield tag="264" ind1=" " ind2=" ">
         <marc:subfield code="a">[Philadelphia, Pennsylvania]: </marc:subfield>
         <marc:subfield code="b">Linguistic Data Consortium, </marc:subfield>
         <marc:subfield code="c">[2005]</marc:subfield>
      </marc:datafield>
      <marc:datafield tag="500" ind1=" " ind2=" ">
         <marc:subfield code="a">LDC2005T24</marc:subfield>
      </marc:datafield>
      <marc:datafield tag="500" ind1=" " ind2=" ">
         <marc:subfield code="a">https://catalog.ldc.upenn.edu/LDC2005T24</marc:subfield>
      </marc:datafield>
      <marc:datafield tag="520" ind1=" " ind2=" ">
         <marc:subfield code="a">*Introduction* This corpus was created by Linguistic Data Consortium to provide training data for the RT-04 Fall Metadata Extraction (MDE) Evaluation, part of the DARPA EARS (Efficient, Affordable, Reusable Speech-to-Text) Program. This data set has been created and distributed by Linguistic Data Consortium. This data was previously released to the EARS MDE community as LDC2004E31. The goal of MDE is to enable technology that can take raw Speech-to-Text output and refine it into forms that are of more use to humans and to downstream automatic processes. In simple terms, this means the creation of automatic transcripts that are maximally readable. This readability might be achieved in a number of ways: flagging non-content words like filled pauses and discourse markers for optional removal; marking sections of disfluent speech; and creating boundaries between natural breakpoints in the flow of speech so that each sentence or other meaningful unit of speech might be presented on a separate line within the resulting transcript. Natural capitalization, punctuation and standardized spelling, plus sensible conventions for representing speaker turns and identity are further elements in the readable transcript. LDC has defined a SimpleMDE annotation task specification and has annotated English telephone and broadcast news data to provide training data for MDE. In this release, some original annotations contained in LDC2004E31 have been re-mapped to new MDE elements to support better annotation consistency. In particular, the mapping affects Discourse Responses (DR), Discourse Markers (DM) and Backchannel SUs (BC). A description of the original mapping proposed by ICSI appears in 3) below, with complete documentation of the mapping rules contained in the docs/drmap-discussion directory. The scripts used to apply the mapping can be found in the docs/scripts/drmap directory. *Samples* For an example of this corpus, please review the following xml samples. * Broadcast News Annotations * Telephone Conversation Annotation The World is a co-production of Public Radio International and the British Broadcasting Corporation and is produced at WGBH Boston.</marc:subfield>
      </marc:datafield>
      <marc:datafield tag="546" ind1=" " ind2=" ">
         <marc:subfield code="a">English</marc:subfield>
      </marc:datafield>
      <marc:datafield tag="655" ind1="7" ind2=" ">
         <marc:subfield code="a">Text</marc:subfield>
         <marc:subfield code="2">DCMI Type</marc:subfield>
      </marc:datafield>
      <marc:datafield tag="700" ind1="1" ind2="0">
         <marc:subfield code="a">Walker, Christopher</marc:subfield>
      </marc:datafield>
      <marc:datafield tag="700" ind1="1" ind2="0">
         <marc:subfield code="a">Strassel, Stephanie</marc:subfield>
      </marc:datafield>
      <marc:datafield tag="700" ind1="1" ind2="0">
         <marc:subfield code="a">Shriberg, Elizabeth</marc:subfield>
      </marc:datafield>
      <marc:datafield tag="700" ind1="1" ind2="0">
         <marc:subfield code="a">Liu, Yang</marc:subfield>
      </marc:datafield>
      <marc:datafield tag="700" ind1="1" ind2="0">
         <marc:subfield code="a">Ang, Jeremy</marc:subfield>
      </marc:datafield>
      <marc:datafield tag="700" ind1="1" ind2="0">
         <marc:subfield code="a">Lee, Haejoong</marc:subfield>
      </marc:datafield>
   </marc:record>