
   <marc:record>
      <marc:leader>     nmm a22     3i 4500</marc:leader>
      <marc:controlfield tag="006">m     o  u        </marc:controlfield>
      <marc:controlfield tag="007">cu ||||||u||||</marc:controlfield>
      <marc:controlfield tag="008">      s2005    pau        u        mul d</marc:controlfield>
      <marc:datafield tag="020" ind1=" " ind2=" ">
         <marc:subfield code="a">1585633720</marc:subfield>
      </marc:datafield>
      <marc:datafield tag="024" ind1="8" ind2=" ">
         <marc:subfield code="a">LDC2005T28</marc:subfield>
      </marc:datafield>
      <marc:datafield tag="024" ind1="8" ind2=" ">
         <marc:subfield code="a">ISLRN: 269-933-843-612-1</marc:subfield>
      </marc:datafield>
      <marc:datafield tag="042" ind1=" " ind2=" ">
         <marc:subfield code="a">dc</marc:subfield>
      </marc:datafield>
      <marc:datafield tag="245" ind1="0" ind2="0">
         <marc:subfield code="a">HARD 2004 Text</marc:subfield>
      </marc:datafield>
      <marc:datafield tag="264" ind1=" " ind2=" ">
         <marc:subfield code="a">[Philadelphia, Pennsylvania]: </marc:subfield>
         <marc:subfield code="b">Linguistic Data Consortium, </marc:subfield>
         <marc:subfield code="c">[2005]</marc:subfield>
      </marc:datafield>
      <marc:datafield tag="500" ind1=" " ind2=" ">
         <marc:subfield code="a">LDC2005T28</marc:subfield>
      </marc:datafield>
      <marc:datafield tag="500" ind1=" " ind2=" ">
         <marc:subfield code="a">https://catalog.ldc.upenn.edu/LDC2005T28</marc:subfield>
      </marc:datafield>
      <marc:datafield tag="520" ind1=" " ind2=" ">
         <marc:subfield code="a">*Introduction* The HARD 2004 Text Corpus was produced by Linguistic Data Consortium (LDC), catalog number LDC2005T28 and ISBN 1-58563-372-0. This corpus contains source data for the 2004 TREC HARD (High Accuracy Retrieval from Documents) Evaluation. HARD 2004 was a track within the NIST Text REtrieval Conference (TREC), with the objective of achieving high accuracy retrieval from documents by leveraging additional information about the searcher and/or the search context, through techniques like passage retrieval and the use of targeted interaction with the searcher. The current corpus was previously distributed to HARD Participants as LDC2004E30. The topics and annotations that correspond to this release are distributed as LDC2005T29, HARD 2004 Topics and Annotations. This corpus was created with support from the DARPA TIDES Program and LDC. *Data* The corpus comprises eight English newswire and web text sources from January-December 2003. The sources are AFE: Agence France Presse - English APE: Associated Press Newswire CNE: Central News Agency Taiwan - English LAT: Los Angeles Times/Washington Post NYT: New York Times SLN: Salon.com UME: Ummah Press - English XIE: Xinhua News Agency - English Volume of data for each source appears in the table below:Source Stories Total Tokens Avg. Token/Story ---------------------------------------------------------- AFE: 226,515 71,829,978 317 APE: 237,067 93,294,584 393 CNE: 3,674 797,194 217 LAT: 18,287 12,576,721 687 NYT: 28,190 16,673,028 591 SLN: 3,321 4,710,500 1,418 UME: 2,607 782,064 299 XIE: 117,854 24,016,670 203 Total: 637,515 224,680,739Files are organized by source on a daily basis. Each file contains multiple documents identified by unique document IDs, in the form "SRCyyyymmdd.nnnn", where 'nnnn' is a sequential number starting from "0001" for each source/day. In addition, each document has some or all of the following components: - Keyword (optional), surrounded by tags - Date/time (optional), surrounded by tags - Headline, surrounded by tags - Main part, surrounded by tags. Tags are used within this part to identify paragraph boundaries. For more information please visit the HARD Project website. *Samples* For an example of the data in this corpus, please review this sample.</marc:subfield>
      </marc:datafield>
      <marc:datafield tag="546" ind1=" " ind2=" ">
         <marc:subfield code="a">English</marc:subfield>
      </marc:datafield>
      <marc:datafield tag="655" ind1="7" ind2=" ">
         <marc:subfield code="a">Text</marc:subfield>
         <marc:subfield code="2">DCMI Type</marc:subfield>
      </marc:datafield>
      <marc:datafield tag="700" ind1="1" ind2="0">
         <marc:subfield code="a">Kong, Junbo</marc:subfield>
      </marc:datafield>
      <marc:datafield tag="700" ind1="1" ind2="0">
         <marc:subfield code="a">Graff, David</marc:subfield>
      </marc:datafield>
      <marc:datafield tag="700" ind1="1" ind2="0">
         <marc:subfield code="a">Maeda, Kazuaki</marc:subfield>
      </marc:datafield>
      <marc:datafield tag="700" ind1="1" ind2="0">
         <marc:subfield code="a">Strassel, Stephanie</marc:subfield>
      </marc:datafield>
   </marc:record>