
   <marc:record>
      <marc:leader>     nmm a22     3i 4500</marc:leader>
      <marc:controlfield tag="006">m     o  u        </marc:controlfield>
      <marc:controlfield tag="007">cu ||||||u||||</marc:controlfield>
      <marc:controlfield tag="008">      s2006    pau        u        mul d</marc:controlfield>
      <marc:datafield tag="020" ind1=" " ind2=" ">
         <marc:subfield code="a">1585633445</marc:subfield>
      </marc:datafield>
      <marc:datafield tag="024" ind1="8" ind2=" ">
         <marc:subfield code="a">LDC2006S13</marc:subfield>
      </marc:datafield>
      <marc:datafield tag="024" ind1="8" ind2=" ">
         <marc:subfield code="a">ISLRN: 632-458-830-271-0</marc:subfield>
      </marc:datafield>
      <marc:datafield tag="042" ind1=" " ind2=" ">
         <marc:subfield code="a">dc</marc:subfield>
      </marc:datafield>
      <marc:datafield tag="245" ind1="0" ind2="0">
         <marc:subfield code="a">N4 NATO Native and Non-Native Speech</marc:subfield>
      </marc:datafield>
      <marc:datafield tag="264" ind1=" " ind2=" ">
         <marc:subfield code="a">[Philadelphia, Pennsylvania]: </marc:subfield>
         <marc:subfield code="b">Linguistic Data Consortium, </marc:subfield>
         <marc:subfield code="c">[2006]</marc:subfield>
      </marc:datafield>
      <marc:datafield tag="500" ind1=" " ind2=" ">
         <marc:subfield code="a">LDC2006S13</marc:subfield>
      </marc:datafield>
      <marc:datafield tag="500" ind1=" " ind2=" ">
         <marc:subfield code="a">https://catalog.ldc.upenn.edu/LDC2006S13</marc:subfield>
      </marc:datafield>
      <marc:datafield tag="520" ind1=" " ind2=" ">
         <marc:subfield code="a">*Introduction* This file contains documentation on the N4 NATO Native and Non-Native Speech Corpus, Linguistic Data Consortium (LDC) catalog number LDC2006S13 and ISBN 1-58563-344-5. The N4 NATO Native and Non-Native Speech corpus was developed by the NATO research group on Speech and Language Technology in order to provide a military-oriented database for multilingual and non-native speech processing studies. Speech data was recorded in the naval transmission training centers of four countries (Germany, The Netherlands, United Kingdom, and Canada). The material consists of native and non-native speakers speakers using NATO English procedure between ships and reading from a text, "The North Wind and the Sun," in both English and the speaker's native language. Speech technology is covering an increasing number of languages, and systems are becoming more robust with regard to speech variablity such as speaking style and accents. However, for real applications, especially in a multilingual and multinational context, further robustness to regional and even non-native accents is necessary. Among numerous corpora available for speech research few have specifically addressed this issue. The NATO Speech and Language Technology group decided to create a corpus geared towards the study of non-native accents. The group chose naval communications as the common task because it naturally includes a great deal of non-native speech and because there were training facilities where data could be collected in several countries. *Data* The database was collected in four countries (Germany, The Netherlands, United Kingdom, and Canada) during naval communication training sessions in 2000-2002. For each country, the main part of the recordings consists of a NATO Naval procedure in English where the typical sentence sounds like "This is alpha, whiskey, roger. I make two seven zero six hostile, two seven zero six. Out." In addition each speaker read a text, "The North Wind and the Sun," in English and his or her native language. The audio material was recorded on DAT and downsampled to 16kHz-16bit, and all the audio files have been manually transcribed and annotated with speakers identities using the tool, Transcriber. Navy procedure recordings and text readings have been stored in different files. The first digit in the filename indicates the type of speech Among speech segments, the duration of Navy procedure recordings range from 1.3h to 2.3h for a total of 7.5h. The duration of the native language text readings range from 1.5min to 22.9min for a total of around one hour. CA GE NL UK All Signal 5.30 3.20 5.00 6.30 19.80 Silence 3.00 0.56 2.00 4.70 10.26 Speech 2.30 2.64 3.00 1.60 9.54 Speech 2.30 2.64 3.00 1.60 9.54 Navy proc 2.00 1.90 2.30 1.30 7.50 Read text 0.30 0.74 0.70 0.30 2.04 Read text 0.30 0.74 0.70 0.30 2.04 Non-native 0.27 0.37 0.32 0.00 0.96 Native 0.03 0.37 0.38 0.30 1.08 The database contains the following information about each speaker: gender, age, weight, length, possible speaking or hearing disorders, education level, living area, accent, second language, the year English was learned(for non-native speakers). The speaker accents vary widely from country to country. The speaker's average age was 22.6 years. Nineteen women participated, accounting for 18% of the study participants. There were a total of 115 speakers. CA GE NL UK All #Speakers 22 51 31 11 115 #Women 5 0 9 5 19 Age 22-35 17-23 17-61 19-62 17-62 Age mean 28.3 20.1 21 27.5 22.6 *Samples* For an example of the speech data in this corpus, please listen to this audio sample.</marc:subfield>
      </marc:datafield>
      <marc:datafield tag="546" ind1=" " ind2=" ">
         <marc:subfield code="a">Dutch</marc:subfield>
      </marc:datafield>
      <marc:datafield tag="546" ind1=" " ind2=" ">
         <marc:subfield code="a">English</marc:subfield>
      </marc:datafield>
      <marc:datafield tag="546" ind1=" " ind2=" ">
         <marc:subfield code="a">German</marc:subfield>
      </marc:datafield>
      <marc:datafield tag="655" ind1="7" ind2=" ">
         <marc:subfield code="a">Sound</marc:subfield>
         <marc:subfield code="2">DCMI Type</marc:subfield>
      </marc:datafield>
      <marc:datafield tag="700" ind1="1" ind2="0">
         <marc:subfield code="a">Grieco, John</marc:subfield>
      </marc:datafield>
      <marc:datafield tag="700" ind1="1" ind2="0">
         <marc:subfield code="a">Benarousse, Laurent</marc:subfield>
      </marc:datafield>
      <marc:datafield tag="700" ind1="1" ind2="0">
         <marc:subfield code="a">Geoffrois, Edouard</marc:subfield>
      </marc:datafield>
      <marc:datafield tag="700" ind1="1" ind2="0">
         <marc:subfield code="a">Series, Robert</marc:subfield>
      </marc:datafield>
      <marc:datafield tag="700" ind1="1" ind2="0">
         <marc:subfield code="a">Steeneken, Herman</marc:subfield>
      </marc:datafield>
      <marc:datafield tag="700" ind1="1" ind2="0">
         <marc:subfield code="a">Stumpf, Hans</marc:subfield>
      </marc:datafield>
      <marc:datafield tag="700" ind1="1" ind2="0">
         <marc:subfield code="a">Swail, Carl</marc:subfield>
      </marc:datafield>
      <marc:datafield tag="700" ind1="1" ind2="0">
         <marc:subfield code="a">Thiel, Dieter</marc:subfield>
      </marc:datafield>
   </marc:record>