
   <marc:record>
      <marc:leader>     nmm a22     3i 4500</marc:leader>
      <marc:controlfield tag="006">m     o  u        </marc:controlfield>
      <marc:controlfield tag="007">cu ||||||u||||</marc:controlfield>
      <marc:controlfield tag="008">      s2006    pau        u        mul d</marc:controlfield>
      <marc:datafield tag="020" ind1=" " ind2=" ">
         <marc:subfield code="a">1585633992</marc:subfield>
      </marc:datafield>
      <marc:datafield tag="024" ind1="8" ind2=" ">
         <marc:subfield code="a">LDC2006T14</marc:subfield>
      </marc:datafield>
      <marc:datafield tag="024" ind1="8" ind2=" ">
         <marc:subfield code="a">ISLRN: 030-163-048-673-0</marc:subfield>
      </marc:datafield>
      <marc:datafield tag="042" ind1=" " ind2=" ">
         <marc:subfield code="a">dc</marc:subfield>
      </marc:datafield>
      <marc:datafield tag="245" ind1="0" ind2="0">
         <marc:subfield code="a">Korean Broadcast News Transcripts</marc:subfield>
      </marc:datafield>
      <marc:datafield tag="264" ind1=" " ind2=" ">
         <marc:subfield code="a">[Philadelphia, Pennsylvania]: </marc:subfield>
         <marc:subfield code="b">Linguistic Data Consortium, </marc:subfield>
         <marc:subfield code="c">[2006]</marc:subfield>
      </marc:datafield>
      <marc:datafield tag="500" ind1=" " ind2=" ">
         <marc:subfield code="a">LDC2006T14</marc:subfield>
      </marc:datafield>
      <marc:datafield tag="500" ind1=" " ind2=" ">
         <marc:subfield code="a">https://catalog.ldc.upenn.edu/LDC2006T14</marc:subfield>
      </marc:datafield>
      <marc:datafield tag="520" ind1=" " ind2=" ">
         <marc:subfield code="a">*Introduction* This data set consists of 18 text files containing transcripts prepared by the LDC for Voice of America satellite radio news broadcasts in Korean. The broadcasts were recorded by the LDC at transmission time during a two week period between January 21, 2000 and February 7, 2000. *Data* Nine of the broadcasts are 30 minutes long, and the other nine broadcasts are 60 minutes long. The file names indicate the date (YYYYMMDD)and the begin and end times (HHMM EST) of the original transmission. The character encoding is Unicode UTF-8, and the file contents are structured using SGML. The markup strategy used here was defined by NIST specifically for use in transcripts of broadcast news speech. The "docs" directory provides a working DTD file, a complete description (in the form of a PostScript file) of the document structure, tags and attributes, and a simple text file listing the 18 data file names in the corpus. The transcripts have been manually time aligned at the phrasal level and annotated to identify boundaries between news stories and speaker turns; speaker names and gender are given where identifiable. These annotations are all provided via the SGML tags and their attributes. A strong effort has been made to identify all unique speakers across the transcripts. However, there may be cases where an individual speaker has not been recognized and has been given a unique, anonymous identification. Audio files for these transcripts are available as a separate corpus from the LDC: LDC2006S42. *Samples* For an example of the text in this corpus, please view this screenshot of the transcriptions.</marc:subfield>
      </marc:datafield>
      <marc:datafield tag="546" ind1=" " ind2=" ">
         <marc:subfield code="a">Korean</marc:subfield>
      </marc:datafield>
      <marc:datafield tag="655" ind1="7" ind2=" ">
         <marc:subfield code="a">Text</marc:subfield>
         <marc:subfield code="2">DCMI Type</marc:subfield>
      </marc:datafield>
      <marc:datafield tag="700" ind1="1" ind2="0">
         <marc:subfield code="a">Strassel, Stephanie</marc:subfield>
      </marc:datafield>
      <marc:datafield tag="700" ind1="1" ind2="0">
         <marc:subfield code="a">Martey, Nii</marc:subfield>
      </marc:datafield>
      <marc:datafield tag="700" ind1="1" ind2="0">
         <marc:subfield code="a">Graff, David</marc:subfield>
      </marc:datafield>
   </marc:record>