
   <marc:record>
      <marc:leader>     nmm a22     3i 4500</marc:leader>
      <marc:controlfield tag="006">m     o  u        </marc:controlfield>
      <marc:controlfield tag="007">cu ||||||u||||</marc:controlfield>
      <marc:controlfield tag="008">      s2007    pau        u        mul d</marc:controlfield>
      <marc:datafield tag="020" ind1=" " ind2=" ">
         <marc:subfield code="a">1585634115</marc:subfield>
      </marc:datafield>
      <marc:datafield tag="024" ind1="8" ind2=" ">
         <marc:subfield code="a">LDC2007T04</marc:subfield>
      </marc:datafield>
      <marc:datafield tag="024" ind1="8" ind2=" ">
         <marc:subfield code="a">ISLRN: 146-188-087-767-2</marc:subfield>
      </marc:datafield>
      <marc:datafield tag="042" ind1=" " ind2=" ">
         <marc:subfield code="a">dc</marc:subfield>
      </marc:datafield>
      <marc:datafield tag="245" ind1="0" ind2="0">
         <marc:subfield code="a">Fisher Levantine Arabic Conversational Telephone Speech, Transcripts</marc:subfield>
      </marc:datafield>
      <marc:datafield tag="264" ind1=" " ind2=" ">
         <marc:subfield code="a">[Philadelphia, Pennsylvania]: </marc:subfield>
         <marc:subfield code="b">Linguistic Data Consortium, </marc:subfield>
         <marc:subfield code="c">[2007]</marc:subfield>
      </marc:datafield>
      <marc:datafield tag="500" ind1=" " ind2=" ">
         <marc:subfield code="a">LDC2007T04</marc:subfield>
      </marc:datafield>
      <marc:datafield tag="500" ind1=" " ind2=" ">
         <marc:subfield code="a">https://catalog.ldc.upenn.edu/LDC2007T04</marc:subfield>
      </marc:datafield>
      <marc:datafield tag="520" ind1=" " ind2=" ">
         <marc:subfield code="a">*Introduction* Levantine Arabic is spoken along the western Mediterranean coast from Anatolia to the Sinai Peninsula and encompasses the local dialects of Lebanon, Syria and Palestine. There are two distinct varieties: Northern, centered around Syria and Lebanon and Southern, spoken in Jordan and Palestine. Northern Levantine Arabic speakers include approximately 8.8 million speakers in Syria and 6 million speakers in Lebanon. Southern Levantine Arabic speakers include approximately 3.5 million speakers in Jordan, 1.6 million speakers in Palestine and nearly one million speakers in Israel. Fisher Levantine Arabic Conversational Telephone Speech, Transcripts contains transcripts for 279 telephone conversations. The majority of the speakers are from Jordan, Lebanon and Palestine. The corresponding telephone speech is contained in Fisher Levantine Arabic Conversational Telephone Speech. Speaker Distribution by Region Jordan 60% Palestine 15% Lebanon 15% Syria 8% other 2% The Fisher telephone conversation collection protocol was created at LDC to address a critical need of developers trying to build robust automatic speech recognition (ASR) systems. Previous collection protocols, such as CALLFRIEND and Switchboard-II and the resulting corpora, have been adapted for ASR research but were in fact developed for language and speaker identification respectively. Although the CALLHOME protocol and corpora were developed to support ASR technology, they feature small numbers of speakers making telephone calls of relatively long duration with narrow vocabulary across the collection. CALLHOME conversations are challengingly natural and intimate. Under the Fisher protocol, a very large number of participants each make a few calls of short duration speaking to other participants, whom they typically do not know, about assigned topics. This maximizes inter-speaker variation and vocabulary breadth although it also increases formality. Previous protocols such as CALLHOME, CALLFRIEND and Switchboard relied upon participant activity to drive the collection. Fisher is unique in being platform driven rather than participant driven. Participants who wish to initiate a call may do so however the collection platform initiates the majority of calls. Participants need only answer their phones at the times they specified when registering for the study. To encourage a broad range of vocabulary, Fisher participants are asked to speak on an assigned topic which is selected at random from a list, which changes every 24 hours and which is assigned to all subjects paired on that day. Some topics are inherited or refined from previous Switchboard studies while others were developed specifically for the Fisher protocol. *Data* The transcripts were created with green and yellow layers using LDC's Multi-Dialectal Transcription Tool (AMADAT). The green layer seeks to anchor dialectal forms to similar or related Modern Standard Arabic orothgraphy-based forms. The yellow layer is a more careful and detailed transcription that adds functionally necessary vowels and marks important sociolinguistic variations and morphophonemic features. The green-layer transcripts in this corpus are a subset of the transcripts contained in Levantine Arabic QT Training Data Set 5, Transcripts, LDC2006T07. The yellow-layer transcription was added in this release. *Samples* For an example of the text contained in this corpus, please view this image of the transcriptions (jpeg format).</marc:subfield>
      </marc:datafield>
      <marc:datafield tag="546" ind1=" " ind2=" ">
         <marc:subfield code="a">North Levantine Arabic</marc:subfield>
      </marc:datafield>
      <marc:datafield tag="546" ind1=" " ind2=" ">
         <marc:subfield code="a">South Levantine Arabic</marc:subfield>
      </marc:datafield>
      <marc:datafield tag="655" ind1="7" ind2=" ">
         <marc:subfield code="a">Text</marc:subfield>
         <marc:subfield code="2">DCMI Type</marc:subfield>
      </marc:datafield>
      <marc:datafield tag="700" ind1="1" ind2="0">
         <marc:subfield code="a">Maamouri, Mohamed</marc:subfield>
      </marc:datafield>
      <marc:datafield tag="700" ind1="1" ind2="0">
         <marc:subfield code="a">Buckwalter, Tim</marc:subfield>
      </marc:datafield>
      <marc:datafield tag="700" ind1="1" ind2="0">
         <marc:subfield code="a">Graff, David</marc:subfield>
      </marc:datafield>
      <marc:datafield tag="700" ind1="1" ind2="0">
         <marc:subfield code="a">Jin, Hubert (author)</marc:subfield>
      </marc:datafield>
   </marc:record>