
   <marc:record>
      <marc:leader>     nmm a22     3i 4500</marc:leader>
      <marc:controlfield tag="006">m     o  u        </marc:controlfield>
      <marc:controlfield tag="007">cu ||||||u||||</marc:controlfield>
      <marc:controlfield tag="008">      s2007    pau        u        mul d</marc:controlfield>
      <marc:datafield tag="020" ind1=" " ind2=" ">
         <marc:subfield code="a">1585634123</marc:subfield>
      </marc:datafield>
      <marc:datafield tag="024" ind1="8" ind2=" ">
         <marc:subfield code="a">LDC2007S03</marc:subfield>
      </marc:datafield>
      <marc:datafield tag="024" ind1="8" ind2=" ">
         <marc:subfield code="a">ISLRN: 513-040-223-174-0</marc:subfield>
      </marc:datafield>
      <marc:datafield tag="042" ind1=" " ind2=" ">
         <marc:subfield code="a">dc</marc:subfield>
      </marc:datafield>
      <marc:datafield tag="245" ind1="0" ind2="0">
         <marc:subfield code="a">ARL Urdu Speech Database, Training Data</marc:subfield>
      </marc:datafield>
      <marc:datafield tag="264" ind1=" " ind2=" ">
         <marc:subfield code="a">[Philadelphia, Pennsylvania]: </marc:subfield>
         <marc:subfield code="b">Linguistic Data Consortium, </marc:subfield>
         <marc:subfield code="c">[2007]</marc:subfield>
      </marc:datafield>
      <marc:datafield tag="500" ind1=" " ind2=" ">
         <marc:subfield code="a">LDC2007S03</marc:subfield>
      </marc:datafield>
      <marc:datafield tag="500" ind1=" " ind2=" ">
         <marc:subfield code="a">https://catalog.ldc.upenn.edu/LDC2007S03</marc:subfield>
      </marc:datafield>
      <marc:datafield tag="520" ind1=" " ind2=" ">
         <marc:subfield code="a">*Introduction* This file contains documentation for ARL Urdu Speech Database, Training Data, Linguistic Data Consortium (LDC) catalog number LDC2007S03 and isbn 1-58563-421-3. The recordings in this release were collected by Appen Pty Ltd, Sydney, Australia in 2006. The U.S. Army Research Laboratory (ARL) provided this corpus to the LDC for distribution. Urdu is an Indo-Aryan language spoken throughout South Asia that developed under the Mughal Empire and Delhi Sultinate between 1200 AD and 1800 AD. It has Persian, Turkish and Arabic influences, but in fact is a dialect of Hindustani. The word "Urdu" refers to the standardized register of Hindustani, but there are many non-standard idiolects as well. Urdu is the twentieth most spoken language in the world. It is the native language of over 60 million people, it is the offical language of Pakistan, and it is one of India's national languages. Urdu is also spoken in Afghanistan. The ARL Urdu Speech Database is a collection of recorded speech from 200 adult native Urdu speakers from Pakistan and Northern India. The distribution of speaker dialects is as follows: Accent Number of Speakers South Sindh 29 North Sindh 30 South Punjab 27 North Punjab 29 Captial Area 29 North West Regions 30 Baluchistan 26 The database is divided into two parts, a training set containing approximately 80% of the data and a test set comprised of 20% of the data. This release consists of approximately 80% of the complete dataset (training and test). *Data* Each speaker was presented with 400 prompts to read: sentences, place names, and person names. Two microphones set at different distances to the speaker were used for the recordings. The recorded speech was stored in raw format files with headers stored in separate directories. Each utterance is transcribed in the corresponding label file for each recording. The transcriptions were encoded in UTF-8. Punctuation was omitted and numbers were written out in full. *Update* Earlier versions were missing the content list file. This is now available as part of the complete download file. *Samples* For an example of the data in this corpus, please listen to this following audio sample (.wav format)</marc:subfield>
      </marc:datafield>
      <marc:datafield tag="546" ind1=" " ind2=" ">
         <marc:subfield code="a">Urdu</marc:subfield>
      </marc:datafield>
      <marc:datafield tag="655" ind1="7" ind2=" ">
         <marc:subfield code="a">Sound</marc:subfield>
         <marc:subfield code="2">DCMI Type</marc:subfield>
      </marc:datafield>
      <marc:datafield tag="700" ind1="1" ind2="0">
         <marc:subfield code="a">Appen Pty Ltd, Sydney, Australia</marc:subfield>
      </marc:datafield>
   </marc:record>