
   <marc:record>
      <marc:leader>     nmm a22     3i 4500</marc:leader>
      <marc:controlfield tag="006">m     o  u        </marc:controlfield>
      <marc:controlfield tag="007">cu ||||||u||||</marc:controlfield>
      <marc:controlfield tag="008">      s2006    pau        u        mul d</marc:controlfield>
      <marc:datafield tag="020" ind1=" " ind2=" ">
         <marc:subfield code="a">1585634190</marc:subfield>
      </marc:datafield>
      <marc:datafield tag="024" ind1="8" ind2=" ">
         <marc:subfield code="a">LDC2006S46</marc:subfield>
      </marc:datafield>
      <marc:datafield tag="024" ind1="8" ind2=" ">
         <marc:subfield code="a">ISLRN: 537-141-493-555-6</marc:subfield>
      </marc:datafield>
      <marc:datafield tag="042" ind1=" " ind2=" ">
         <marc:subfield code="a">dc</marc:subfield>
      </marc:datafield>
      <marc:datafield tag="245" ind1="0" ind2="0">
         <marc:subfield code="a">Arabic Broadcast News Speech</marc:subfield>
      </marc:datafield>
      <marc:datafield tag="264" ind1=" " ind2=" ">
         <marc:subfield code="a">[Philadelphia, Pennsylvania]: </marc:subfield>
         <marc:subfield code="b">Linguistic Data Consortium, </marc:subfield>
         <marc:subfield code="c">[2006]</marc:subfield>
      </marc:datafield>
      <marc:datafield tag="500" ind1=" " ind2=" ">
         <marc:subfield code="a">LDC2006S46</marc:subfield>
      </marc:datafield>
      <marc:datafield tag="500" ind1=" " ind2=" ">
         <marc:subfield code="a">https://catalog.ldc.upenn.edu/LDC2006S46</marc:subfield>
      </marc:datafield>
      <marc:datafield tag="520" ind1=" " ind2=" ">
         <marc:subfield code="a">*Introduction* Arabic Broadcast News Speech consists of 10 hours of speech recorded by the Linguistic Data Consortium (LDC) from Voice of America satellite radio news broadcasts in Arabic transmitted between June 2000 and January 2001. The corresponding transcripts are available as Arabic Broadcast News Transcripts (LDC2006T20). This work was undertaken in the Networking Data Centers (NetDC) project (MLIS-5017, NSF IIS-9982201) in conjunction with the European Language Resources Association (ELRA). ELRA collected 22.5 hours of Arabic broadcast data from Radio Orient (France) that is available in NetDC Arabic BNSC (Broadcast News Speech Corpus) ELRA-S0157. The goal of the NetDC project was to improve the infrastructure for language resources by designing and implementing new modes of cooperation between LDC and ELRA. *Data* The recordings were captured from a dedicated satellite receiver and stored as 16-bit PCM, 16-kHz, single-channel, in NIST SPHERE format. The duration of each recording is either 60 minutes or 120 minutes, depending on the VOA broadcast schedule; the date (YYYYMMDD), start-time and end-time (HHMM EST) for each recording are indicated in the file names. The sample data are not compressed. *Samples* For an example of the speech in this corpus, please listen to this audio sample (wav format).</marc:subfield>
      </marc:datafield>
      <marc:datafield tag="546" ind1=" " ind2=" ">
         <marc:subfield code="a">Standard Arabic</marc:subfield>
      </marc:datafield>
      <marc:datafield tag="655" ind1="7" ind2=" ">
         <marc:subfield code="a">Sound</marc:subfield>
         <marc:subfield code="2">DCMI Type</marc:subfield>
      </marc:datafield>
      <marc:datafield tag="700" ind1="1" ind2="0">
         <marc:subfield code="a">Maamouri, Mohamed</marc:subfield>
      </marc:datafield>
      <marc:datafield tag="700" ind1="1" ind2="0">
         <marc:subfield code="a">Graff, David</marc:subfield>
      </marc:datafield>
      <marc:datafield tag="700" ind1="1" ind2="0">
         <marc:subfield code="a">Cieri, Christopher</marc:subfield>
      </marc:datafield>
   </marc:record>