
   <marc:record>
      <marc:leader>     nmm a22     3i 4500</marc:leader>
      <marc:controlfield tag="006">m     o  u        </marc:controlfield>
      <marc:controlfield tag="007">cu ||||||u||||</marc:controlfield>
      <marc:controlfield tag="008">      s2007    pau        u        mul d</marc:controlfield>
      <marc:datafield tag="020" ind1=" " ind2=" ">
         <marc:subfield code="a">1585634212</marc:subfield>
      </marc:datafield>
      <marc:datafield tag="024" ind1="8" ind2=" ">
         <marc:subfield code="a">LDC2007T08</marc:subfield>
      </marc:datafield>
      <marc:datafield tag="024" ind1="8" ind2=" ">
         <marc:subfield code="a">ISLRN: 898-857-291-160-8</marc:subfield>
      </marc:datafield>
      <marc:datafield tag="042" ind1=" " ind2=" ">
         <marc:subfield code="a">dc</marc:subfield>
      </marc:datafield>
      <marc:datafield tag="245" ind1="0" ind2="0">
         <marc:subfield code="a">ISI Arabic-English Automatically Extracted Parallel Text</marc:subfield>
      </marc:datafield>
      <marc:datafield tag="264" ind1=" " ind2=" ">
         <marc:subfield code="a">[Philadelphia, Pennsylvania]: </marc:subfield>
         <marc:subfield code="b">Linguistic Data Consortium, </marc:subfield>
         <marc:subfield code="c">[2007]</marc:subfield>
      </marc:datafield>
      <marc:datafield tag="500" ind1=" " ind2=" ">
         <marc:subfield code="a">LDC2007T08</marc:subfield>
      </marc:datafield>
      <marc:datafield tag="500" ind1=" " ind2=" ">
         <marc:subfield code="a">https://catalog.ldc.upenn.edu/LDC2007T08</marc:subfield>
      </marc:datafield>
      <marc:datafield tag="520" ind1=" " ind2=" ">
         <marc:subfield code="a">This distribution contains a corpus of Arabic-English parallel sentences, which were extracted automatically from two monolingual corpora: Arabic Gigaword Second Edition (LDC2006T02) and English Gigaword Second Edition (LDC2005T12). The data was extracted from news articles published by Xinhua News Agency and Agence France Presse and was obtained using the automatic parallel sentence identification method described in the following publication: Dragos Stefan Munteanu, Daniel Marcu, 2005. Machine Translation Performance by Exploiting Non-parallel Corpora, Computational Linguistics, 31(4):477-504 The corpus contains 1,124,609 sentence pairs; the word count on the English side is approximately 31M words. The sentences in the parallel corpus preserve the form and encoding of the texts in the original Gigaword corpora. For each sentence pair in the corpus the authors provide the names of the documents from which the two sentences were extracted, as well as a confidence score (between 0.5 and 1.0), which is indicative of their degree of parallelism. The parallel sentence identification approach is designed to judge sentence pairs in isolation from their contexts, and can therefore find parallel sentences within document pairs which are not parallel. The fact that two documents share several parallel sentences does not necessarily mean the documents are parallel. In order to make this resource useful for research in Machine Translation (MT), the authors made efforts to detect potential overlaps between this data and the standard test and development data sets used by the MT community. The NIST 2002-2005 MT evaluation data sets contain several articles from Xinhua News Agency and Agence France Presse. Sentence pairs in this distribution that have a 7-gram overlap with a sentence pair in a NIST MT evaluation set or sentence pairs coming from documents whose names are similar to those in the NIST MT sets are marked with a negative confidence score. *Samples* For an example of the data in this publication, please examine this image of text data.</marc:subfield>
      </marc:datafield>
      <marc:datafield tag="546" ind1=" " ind2=" ">
         <marc:subfield code="a">English</marc:subfield>
      </marc:datafield>
      <marc:datafield tag="546" ind1=" " ind2=" ">
         <marc:subfield code="a">Standard Arabic</marc:subfield>
      </marc:datafield>
      <marc:datafield tag="655" ind1="7" ind2=" ">
         <marc:subfield code="a">Text</marc:subfield>
         <marc:subfield code="2">DCMI Type</marc:subfield>
      </marc:datafield>
      <marc:datafield tag="700" ind1="1" ind2="0">
         <marc:subfield code="a">Munteanu, Dragos Stefan</marc:subfield>
      </marc:datafield>
      <marc:datafield tag="700" ind1="1" ind2="0">
         <marc:subfield code="a">Marcu, Daniel</marc:subfield>
      </marc:datafield>
   </marc:record>