
   <marc:record>
      <marc:leader>     nmm a22     3i 4500</marc:leader>
      <marc:controlfield tag="006">m     o  u        </marc:controlfield>
      <marc:controlfield tag="007">cu ||||||u||||</marc:controlfield>
      <marc:controlfield tag="008">      s2007    pau        u        mul d</marc:controlfield>
      <marc:datafield tag="020" ind1=" " ind2=" ">
         <marc:subfield code="a">1585634557</marc:subfield>
      </marc:datafield>
      <marc:datafield tag="024" ind1="8" ind2=" ">
         <marc:subfield code="a">LDC2007T38</marc:subfield>
      </marc:datafield>
      <marc:datafield tag="024" ind1="8" ind2=" ">
         <marc:subfield code="a">ISLRN: 222-703-436-942-5</marc:subfield>
      </marc:datafield>
      <marc:datafield tag="042" ind1=" " ind2=" ">
         <marc:subfield code="a">dc</marc:subfield>
      </marc:datafield>
      <marc:datafield tag="245" ind1="0" ind2="0">
         <marc:subfield code="a">Chinese Gigaword Third Edition</marc:subfield>
      </marc:datafield>
      <marc:datafield tag="264" ind1=" " ind2=" ">
         <marc:subfield code="a">[Philadelphia, Pennsylvania]: </marc:subfield>
         <marc:subfield code="b">Linguistic Data Consortium, </marc:subfield>
         <marc:subfield code="c">[2007]</marc:subfield>
      </marc:datafield>
      <marc:datafield tag="500" ind1=" " ind2=" ">
         <marc:subfield code="a">LDC2007T38</marc:subfield>
      </marc:datafield>
      <marc:datafield tag="500" ind1=" " ind2=" ">
         <marc:subfield code="a">https://catalog.ldc.upenn.edu/LDC2007T38</marc:subfield>
      </marc:datafield>
      <marc:datafield tag="520" ind1=" " ind2=" ">
         <marc:subfield code="a">*Introduction* Chinese Gigaword Third Edition is a comprehensive archive of newswire text data that has been acquired over several years by the LDC. This edition includes all of the contents in Chinese Gigaword Second Edition (LDC2005T14) as well as new data collected after the publication of that edition. Also, an archive of articles from a new newswire source (Agence France Presse) has been added in the third edition. The four distinct international sources of Chinese newswire included in this edition are the following: * Agence France Presse (afp_cmn) * Central News Agency, Taiwan (cna_cmn) * Xinhua News Agency (xin_cmn) * Zaobao Newspaper (zbn_cmn) The seven-letter codes in the parentheses above are used for the directory names and data files for each source, and are also used (in ALL_CAPS) as part of the unique DOC "id" string assigned to each news article. *Data* The original data archives received by the LDC from Agence France Presse, Xinhua News Agency and Zaobao were encoded in GB-2312, whereas those from Central News Agency (CNA) were encoded in Big-5. To avoid the problems and confusion that could result from differences in character-set specifications, all text files in this corpus have been converted to UTF-8 character encoding. *New in the Third Edition* * Over six years worth of articles (October 2000 through December 2006) from Agence France Presse are being released for the first time. * Two years worth of new articles (January 2005 through December 2006) have been added to the Xinhua data set. * Nearly two years worth of content was added to the CNA data set. There was a gap in the LDC's collection from this source during 2006: no CNA Chinese content was collected between July 27 and December 17 2006, inclusive, so there are no data files for August through November of that year, and the December data file is about half its expected size. * A small set of older stories (October through December 1998) have been added from Zaobao; these were previously published by LDC as part of TDT3 Multilanguage Text Version 2.0 (LDC2001T58) and are being included in Gigaword for the first time. *Samples* Please examine this sample(JPEG) for an example of the data in this corpus. *Sponsorship* This work was supported in part by the Defense Advanced Research Projects Agency, GALE Program Grant No. HR0011-06-1-0003. The content of this publication does not necessarily reflect the position or the policy of the Government, and no official endorsement should be inferred.</marc:subfield>
      </marc:datafield>
      <marc:datafield tag="546" ind1=" " ind2=" ">
         <marc:subfield code="a">Mandarin Chinese</marc:subfield>
      </marc:datafield>
      <marc:datafield tag="655" ind1="7" ind2=" ">
         <marc:subfield code="a">Text</marc:subfield>
         <marc:subfield code="2">DCMI Type</marc:subfield>
      </marc:datafield>
      <marc:datafield tag="700" ind1="1" ind2="0">
         <marc:subfield code="a">Graff, David</marc:subfield>
      </marc:datafield>
   </marc:record>