
   <marc:record>
      <marc:leader>     nmm a22     3i 4500</marc:leader>
      <marc:controlfield tag="006">m     o  u        </marc:controlfield>
      <marc:controlfield tag="007">cu ||||||u||||</marc:controlfield>
      <marc:controlfield tag="008">      s2007    pau        u        mul d</marc:controlfield>
      <marc:datafield tag="024" ind1="8" ind2=" ">
         <marc:subfield code="a">LDC2007S18</marc:subfield>
      </marc:datafield>
      <marc:datafield tag="024" ind1="8" ind2=" ">
         <marc:subfield code="a">ISLRN: 965-489-670-052-2</marc:subfield>
      </marc:datafield>
      <marc:datafield tag="042" ind1=" " ind2=" ">
         <marc:subfield code="a">dc</marc:subfield>
      </marc:datafield>
      <marc:datafield tag="245" ind1="0" ind2="0">
         <marc:subfield code="a">CSLU: Kids` Speech Version 1.1</marc:subfield>
      </marc:datafield>
      <marc:datafield tag="264" ind1=" " ind2=" ">
         <marc:subfield code="a">[Philadelphia, Pennsylvania]: </marc:subfield>
         <marc:subfield code="b">Linguistic Data Consortium, </marc:subfield>
         <marc:subfield code="c">[2007]</marc:subfield>
      </marc:datafield>
      <marc:datafield tag="500" ind1=" " ind2=" ">
         <marc:subfield code="a">LDC2007S18</marc:subfield>
      </marc:datafield>
      <marc:datafield tag="500" ind1=" " ind2=" ">
         <marc:subfield code="a">https://catalog.ldc.upenn.edu/LDC2007S18</marc:subfield>
      </marc:datafield>
      <marc:datafield tag="520" ind1=" " ind2=" ">
         <marc:subfield code="a">*Introduction* CSLU: Kids' Speech Version 1.1 , Linguistic Data Consortium (LDC) catalog number LDC2007S18 and isbn 1-58563-395-X, is a collection of spontaneous and prompted speech from 1100 children between Kindergarten and Grade 10 in the Forest Grove School District in Oregon. All children -- approximately 100 children at each grade level -- read approximately 60 items from a total list of 319 phonetically-balanced but simple words, sentences or digit strings. Each utterance of spontaneous speech begins with a recitation of the alphabet and contains a monologue of about one minute in duration. This release consists of 1017 files containing approximately 8-10 minutes of speech per speaker. Corresponding word-level transcriptions are also included. This corpus was developed to facilitate research about the characteristics of children's speech at different ages and to train and evaluate recognizers for use in language training and other interactive tasks involving children, including to train recognizers used in language development with deaf children. *Data* Data collection was performed using the CSLU Speech Toolkit and two computers running Windows NT 4.0. Each computer was manned by a CSLU staff member who monitored progress and helped the child with any difficulties. The average time at the computer was 20 minutes, yielding approximately 8-10 minutes of speech digitized at 16 bits and 16kHz using Soundblaster 16 PnP audio cards with head-mounted microphones. The prompted speech, consisting of 200 isolated words and 10 numeric strings, was presented as text appearing below an animated character that produced accurate visible speech synchronized with recorded prompts. A text prompt was also displayed. The child then reproduced the prompted word. Once the prompted speech collection was completed, the experimenter then asked the subject a series of questions designed to elicit spontaneous speech (i.e "Tell me about your favorite movie"). *Samples* For an example of the speech in this corpus, please listen to this sample of spontaneous speech.</marc:subfield>
      </marc:datafield>
      <marc:datafield tag="546" ind1=" " ind2=" ">
         <marc:subfield code="a">English</marc:subfield>
      </marc:datafield>
      <marc:datafield tag="655" ind1="7" ind2=" ">
         <marc:subfield code="a">Sound</marc:subfield>
         <marc:subfield code="2">DCMI Type</marc:subfield>
      </marc:datafield>
      <marc:datafield tag="700" ind1="1" ind2="0">
         <marc:subfield code="a">Shobaki, Khaldoun</marc:subfield>
      </marc:datafield>
      <marc:datafield tag="700" ind1="1" ind2="0">
         <marc:subfield code="a">Hosom, John-Paul</marc:subfield>
      </marc:datafield>
      <marc:datafield tag="700" ind1="1" ind2="0">
         <marc:subfield code="a">Cole, Ronald Allan</marc:subfield>
      </marc:datafield>
   </marc:record>