
   <marc:record>
      <marc:leader>     nmm a22     3i 4500</marc:leader>
      <marc:controlfield tag="006">m     o  u        </marc:controlfield>
      <marc:controlfield tag="007">cu ||||||u||||</marc:controlfield>
      <marc:controlfield tag="008">      s2008    pau        u        mul d</marc:controlfield>
      <marc:datafield tag="024" ind1="8" ind2=" ">
         <marc:subfield code="a">LDC2008T02</marc:subfield>
      </marc:datafield>
      <marc:datafield tag="024" ind1="8" ind2=" ">
         <marc:subfield code="a">ISLRN: 461-663-437-911-1</marc:subfield>
      </marc:datafield>
      <marc:datafield tag="042" ind1=" " ind2=" ">
         <marc:subfield code="a">dc</marc:subfield>
      </marc:datafield>
      <marc:datafield tag="245" ind1="0" ind2="0">
         <marc:subfield code="a">GALE Phase 1 Arabic Blog Parallel Text</marc:subfield>
      </marc:datafield>
      <marc:datafield tag="264" ind1=" " ind2=" ">
         <marc:subfield code="a">[Philadelphia, Pennsylvania]: </marc:subfield>
         <marc:subfield code="b">Linguistic Data Consortium, </marc:subfield>
         <marc:subfield code="c">[2008]</marc:subfield>
      </marc:datafield>
      <marc:datafield tag="500" ind1=" " ind2=" ">
         <marc:subfield code="a">LDC2008T02</marc:subfield>
      </marc:datafield>
      <marc:datafield tag="500" ind1=" " ind2=" ">
         <marc:subfield code="a">https://catalog.ldc.upenn.edu/LDC2008T02</marc:subfield>
      </marc:datafield>
      <marc:datafield tag="520" ind1=" " ind2=" ">
         <marc:subfield code="a">*Introduction* This file contains the documentation for GALE Phase 1 Arabic Blog Parallel Text, Linguistic Data Consortium (LDC) catalog number LDC2008T02, ISBN 1-58563-462-X. Blogs are posts to informal web-based journals of varying topical content. GALE Phase 1 Arabic Blog Parallel Text was prepared by the LDC and consists of 102K words (222 files) of Arabic blog text and its English translation from thirty-three sources. This release was used as training data in Phase 1 of the DARPA-funded GALE program. LDC has released the following GALE Phase 1 &amp; 2 Arabic Parallel Text data sets: * GALE Phase 1 Arabic Broadcast News Parallel Text - Part 1 (LDC2007T24) * GALE Phase 1 Arabic Broadcast News Parallel Text - Part 2 (LDC2008T09) * GALE Phase 1 Arabic Blog Parallel Text (LDC2008T02) * GALE Phase 1 Arabic Newsgroup Parallel Text - Part 1 (LDC2009T03) * GALE Phase 1 Arabic Newsgroup Parallel Text - Part 2 (LDC2009T09) * GALE Phase 2 Arabic Broadcast Conversation Parallel Text Part 1 (LDC2012T06) * GALE Phase 2 Arabic Broadcast Conversation Parallel Text Part 2 (LDC2012T14) * GALE Phase 2 Arabic Newswire Parallel Text (LDC2012T17) * GALE Phase 2 Arabic Broadcast News Parallel Text (LDC2012T18) * GALE Phase 2 Arabic Web Parallel Text (LDC2013T01) *Source Data* The task of preparing this corpus involved four stages of work: data scouting, data harvesting, formatting, and data selection. Data scouting involved manually searching the web for suitable blog text. Data scouts were assigned particular topics and genres along with a production target in order to focus their web search. Formal annotation guidelines and a customized annotation toolkit helped data scouts to manage the search process and to track progress. Data scouts logged their decisions about potential text of interest (sites, threads and posts) to a database. A nightly process queried the annotation database and harvested all designated URLs. Whenever possible, the entire site was downloaded, not just the individual thread or post located by the data scout. Once the text was downloaded, its format was standardized (by running various scripts) so that the data could be more easily integrated into downstream annotation processes. Original-format versions of each document were also preserved. Typically a new script was required for each new domain name that was identified. After scripts were run, an optional manual process corrected any remaining formatting problems. The selected documents were then reviewed for content suitability using a semi-automatic process. A statistical approach was used to rank a documents relevance to a set of already-selected documents labeled as good. An annotator then reviewed the list of relevance-ranked documents and selected those which were suitable for a particular annotation task or for annotation in general. Those newly-judged documents in turn provided additional input for the generation of new ranked lists. Manual sentence units/segments (SU) annotation was also performed on a subset of files following LDCs Quick Rich Transcription specification. Three types of end of sentence SU are identified: - statement SU - question SU - incomplete SU *Translation* After files were selected, they were reformatted into a human-readable translation format, and the files were then assigned to professional translators for careful translation. Translators followed LDCs GALE Translation guidelines, which describe the makeup of the translation team, the source, data format, the translation data format, best practices for translating certain linguistic features (such as names and speech disfluencies), and quality control procedures applied to completed translations. Translators were instructed to return a 50-sentence sample as soon as it was completed. The sample was reviewed by LDCs bilingual language specialists. Subsequent deliveries were subject to quality controls as described in the translation guidelines. Low quality translations were returned to the translators for revision. TDF Format All final data are in Tab Delimited Format (TDF). TDF is compatible with other transcription formats, such as the Transcriber format and AG format, and it is easy to process. Each line of a TDF file corresponds to a speech segment and contains 13 tab delimited fields: field data_type ----- --------- 1 file unicode 2 channel int 3 start float 4 end float 5 speaker unicode 6 speakerType unicode 7 speakerDialect unicode 8 transcript unicode 9 section int 10 turn int 11 segment int 12 sectionType unicode 13 suType unicode A source TDF file and its translation are the same except that the transcript in the source TDF is replaced by its English translation. Encoding All data are encoded in UTF8. *Sponsorship* This work was supported in part by the Defense Advanced Research Projects Agency, GALE Program Grant No. HR0011-06-1-0003. The content of this publication does not necessarily reflect the position or the policy of the Government, and no official endorsement should be inferred. *samples* For an example of the data in this corpus, please examine these screen captures(jpg) of the text: * source * translation</marc:subfield>
      </marc:datafield>
      <marc:datafield tag="546" ind1=" " ind2=" ">
         <marc:subfield code="a">Standard Arabic</marc:subfield>
      </marc:datafield>
      <marc:datafield tag="546" ind1=" " ind2=" ">
         <marc:subfield code="a">English</marc:subfield>
      </marc:datafield>
      <marc:datafield tag="655" ind1="7" ind2=" ">
         <marc:subfield code="a">Text</marc:subfield>
         <marc:subfield code="2">DCMI Type</marc:subfield>
      </marc:datafield>
      <marc:datafield tag="700" ind1="1" ind2="0">
         <marc:subfield code="a">Ma, Xiaoyi</marc:subfield>
      </marc:datafield>
      <marc:datafield tag="700" ind1="1" ind2="0">
         <marc:subfield code="a">Zakhary, Dalal</marc:subfield>
      </marc:datafield>
      <marc:datafield tag="700" ind1="1" ind2="0">
         <marc:subfield code="a">Strassel, Stephanie</marc:subfield>
      </marc:datafield>
   </marc:record>