
   <marc:record>
      <marc:leader>     nmm a22     3i 4500</marc:leader>
      <marc:controlfield tag="006">m     o  u        </marc:controlfield>
      <marc:controlfield tag="007">cu ||||||u||||</marc:controlfield>
      <marc:controlfield tag="008">      s2008    pau        u        mul d</marc:controlfield>
      <marc:datafield tag="020" ind1=" " ind2=" ">
         <marc:subfield code="a">1585634662</marc:subfield>
      </marc:datafield>
      <marc:datafield tag="024" ind1="8" ind2=" ">
         <marc:subfield code="a">LDC2008T05</marc:subfield>
      </marc:datafield>
      <marc:datafield tag="024" ind1="8" ind2=" ">
         <marc:subfield code="a">ISLRN: 488-589-036-315-2</marc:subfield>
      </marc:datafield>
      <marc:datafield tag="042" ind1=" " ind2=" ">
         <marc:subfield code="a">dc</marc:subfield>
      </marc:datafield>
      <marc:datafield tag="245" ind1="0" ind2="0">
         <marc:subfield code="a">Penn Discourse Treebank Version 2.0</marc:subfield>
      </marc:datafield>
      <marc:datafield tag="264" ind1=" " ind2=" ">
         <marc:subfield code="a">[Philadelphia, Pennsylvania]: </marc:subfield>
         <marc:subfield code="b">Linguistic Data Consortium, </marc:subfield>
         <marc:subfield code="c">[2008]</marc:subfield>
      </marc:datafield>
      <marc:datafield tag="500" ind1=" " ind2=" ">
         <marc:subfield code="a">LDC2008T05</marc:subfield>
      </marc:datafield>
      <marc:datafield tag="500" ind1=" " ind2=" ">
         <marc:subfield code="a">https://catalog.ldc.upenn.edu/LDC2008T05</marc:subfield>
      </marc:datafield>
      <marc:datafield tag="520" ind1=" " ind2=" ">
         <marc:subfield code="a">*Introduction* The Penn Discourse Treebank (PDTB) is an NSF funded project at the University of Pennsylvania. The goal of the project is to annotate the 1 million word Wall Street Journal corpus in Treebank-2 (LDC95T7) with discourse relations holding between the eventualities and propositions mentioned in text, which serve as the arguments to the relation. Discourse relations are assumed to have exactly two arguments. PDTB, version 2.0. is a continuation of PDTB, version 1.0. (made available freely in 2006 but no longer available). Following a lexically grounded approach to annotation, the PDTB annotates relations realized explicitly by Explicit connectives drawn from syntactically well-defined classes, as well as relations between adjacent sentences when no Explicit connective appears to relate the two. Arguments of relations are annotated in each case. For Explicit connectives, arguments are unconstrained in terms of their distance from the connective and can be found anywhere in the text. Between adjacent sentences where no Explicit connective appears, four scenarios hold: (a) the sentences may be related by a discourse relation that has no realization in the second sentence, in which case a connective (called an Implicit connective) is provided to express the inferred relation (b) the sentences may be related by a discourse relation that is realized by some alternative non-connective expression, in which case these alternative lexicalizations are annotated as the carriers of the relation (labelled as AltLex) (c) the sentences may be related not by a discourse relation, but merely by an entity-based coherence relation, in which case the presence of such a relation is labelled (as EntRel) and (d) the sentences may not be related at all, in which case they are labelled as such (NoRel). In addition to the argument structure of relations, the PDTB provides (a) sense annotations for each discourse relation while also capturing the polysemy of connectives, and (b) attribution annotations of relations and each of their arguments, with each instance of attribution providing the corresponding text span along with four features to capture the semantic contribution of the attribution. Both sense and attribution annotations are provided for Explicit, Implicit, and AltLex relations, but not for EntRel and NoRel. The lexically grounded approach in the PDTB exposes a clearly defined level of discourse structure which will support the extraction of a range of inferences associated with discourse connectives. To date, the PDTB group has carried out various experiments on the corpus, particularly examining the following issues: * alignment between syntax and discourse, particularly with regards to attribution * sense disambiguation of discourse connectives * complexity of dependencies in discourse The annotations in Penn Discourse Treebank Version 2.0 are linked to the Penn Treebank. The PDTB group will continue to explore these issues and to focus on more extended projects such as discourse parsing, automatic summarization, and natural language generation. Further work will also explore foundational issues in discourse. PDTB, version 2.0. annotates 40600 discourse relations, distributed into the following five types: * 18459 Explicit Relations * 16053 Implicit Relations * 624 Alternative Lexicalizations * 5210 Entity Relations * 254 No Relations *Samples* For an example of the data in this corpus, please review the sample below: ________________________________________________________ ____Explicit____ 544..551 4,2 #### Text #### however ############## #### Features #### Wr, Comm, Null, Null however, Comparison.Contrast ____Sup1____ 374..515 23 #### Text #### Its index inched up to 47.6% in October from 46% in September. Any reading below 50% suggests the manufacturing sector is generally declining ############## ____Arg1____ 288..372 1,3,1,1,1,1 #### Text #### that the manufacturing economy contracted in October for the sixth consecutive month ############## #### Features #### Ot, Comm, Null, Null 260..287 1,3,1,01,3,1,1,01,3,1,1,1,0 #### Text #### its latest survey indicated ############## ____Arg2____ 563..624 4,5,1 #### Text #### that orders turned up in October after four months of decline ############## #### Features #### Ot, Comm, Null, Null 519..542553..562 4,04,14,34,44,5,04,6 #### Text #### The purchasing managers also said ############## ________________________________________________________ *Updates* Additional information, updates, bug fixes may be available in the LDC catalog entry for this corpus at LDC2008T05. As of December 12, 2012 the developers of the Penn Discourse Treebank Version 2.0 LDC2008T05 have updated this release to add metadata to the Wall Street Journal (WSJ) news stories in the corpus. The goal is to aid understanding PDTB files as texts and to support distinguishing texts from different genres within the WSJ. The metadata includes of the below fields. Consult this metadata documentation for more information. * DD: the date the article appeared in the WSJ * AN: unique identifier for the article * HL: the column name (for regular features such as Whos News, Marketing &amp; Media, Technology), its headline and by-line * SO: the source of the article * IN: manually-assigned codes or keywords for the article * CO: manually-assigned codes for companies or other organizations * DATELINE: normally the location where the article was filed, but sometimes has very unexpected contents * GV: Branch of Government or Government Agency mentioned in the article * SBREAKS: the byte position of section breaks present in the file * ARTICLEBREAK: separates files that contain more than one article This update may be of value to discourse researchers. The meta-data can, for example, enable the texts to be distinguished by genre (news reports, editorials, etc. [Webber, 2009]) or by topic [Petrenz and Webber, 2011]. These can then be used, for example, in text segmentation and text summarization, or in testing hypotheses about domain adaptation [Plank and van Noord, 2011]. The data, on the other hand, can allow researchers to distinguish separate texts within a single file (e.g. the four separate letters to the editor in file wsj_0105) and thereby avoid, for example, attempting to produce one summary for the entire file. As of February, 2017, 2,499 "raw" wsj files were added from Treebank-2 (LDC95T7), to make PDTB more useful. All downloads after these date will contain the complete, updated corpus. *Recognizing Textual Entailment Data* These data have been used to run the textual entailment experiments described in: Sara Tonelli and Elena Cabrio Hunting for Entailing Pairs in the Penn Discourse Treebank, in Proceedings of Coling 2012, Mumbay, India. The files contain Text - Hypothesis pairs in the standard RTE xml format (for more details, see http://www.nist.gov/tac/2011/RTE/), which have been manually annotated as entailing or not entailing. All sentence pairs have been extracted from the Penn Discourse Treebank and are therefore connected by a discourse relation label. For more information, consult the readme. The data are not included in the general release of Penn Discourse Treebank Version 2.0, but are freely available for download.</marc:subfield>
      </marc:datafield>
      <marc:datafield tag="546" ind1=" " ind2=" ">
         <marc:subfield code="a">English</marc:subfield>
      </marc:datafield>
      <marc:datafield tag="655" ind1="7" ind2=" ">
         <marc:subfield code="a">Text</marc:subfield>
         <marc:subfield code="2">DCMI Type</marc:subfield>
      </marc:datafield>
      <marc:datafield tag="700" ind1="1" ind2="0">
         <marc:subfield code="a">Prasad, Rashmi</marc:subfield>
      </marc:datafield>
      <marc:datafield tag="700" ind1="1" ind2="0">
         <marc:subfield code="a">Lee, Alan</marc:subfield>
      </marc:datafield>
      <marc:datafield tag="700" ind1="1" ind2="0">
         <marc:subfield code="a">Dinesh, Nikhil</marc:subfield>
      </marc:datafield>
      <marc:datafield tag="700" ind1="1" ind2="0">
         <marc:subfield code="a">Miltsakaki, Eleni</marc:subfield>
      </marc:datafield>
      <marc:datafield tag="700" ind1="1" ind2="0">
         <marc:subfield code="a">Campion, Geraud</marc:subfield>
      </marc:datafield>
      <marc:datafield tag="700" ind1="1" ind2="0">
         <marc:subfield code="a">Joshi, Aravind</marc:subfield>
      </marc:datafield>
      <marc:datafield tag="700" ind1="1" ind2="0">
         <marc:subfield code="a">Webber, Bonnie</marc:subfield>
      </marc:datafield>
   </marc:record>