
   <marc:record>
      <marc:leader>     nmm a22     3i 4500</marc:leader>
      <marc:controlfield tag="006">m     o  u        </marc:controlfield>
      <marc:controlfield tag="007">cu ||||||u||||</marc:controlfield>
      <marc:controlfield tag="008">      s2008    pau        u        mul d</marc:controlfield>
      <marc:datafield tag="020" ind1=" " ind2=" ">
         <marc:subfield code="a">1585634697</marc:subfield>
      </marc:datafield>
      <marc:datafield tag="024" ind1="8" ind2=" ">
         <marc:subfield code="a">LDC2008T06</marc:subfield>
      </marc:datafield>
      <marc:datafield tag="024" ind1="8" ind2=" ">
         <marc:subfield code="a">ISLRN: 160-931-786-050-6</marc:subfield>
      </marc:datafield>
      <marc:datafield tag="042" ind1=" " ind2=" ">
         <marc:subfield code="a">dc</marc:subfield>
      </marc:datafield>
      <marc:datafield tag="245" ind1="0" ind2="0">
         <marc:subfield code="a">GALE Phase 1 Chinese Blog Parallel Text</marc:subfield>
      </marc:datafield>
      <marc:datafield tag="264" ind1=" " ind2=" ">
         <marc:subfield code="a">[Philadelphia, Pennsylvania]: </marc:subfield>
         <marc:subfield code="b">Linguistic Data Consortium, </marc:subfield>
         <marc:subfield code="c">[2008]</marc:subfield>
      </marc:datafield>
      <marc:datafield tag="500" ind1=" " ind2=" ">
         <marc:subfield code="a">LDC2008T06</marc:subfield>
      </marc:datafield>
      <marc:datafield tag="500" ind1=" " ind2=" ">
         <marc:subfield code="a">https://catalog.ldc.upenn.edu/LDC2008T06</marc:subfield>
      </marc:datafield>
      <marc:datafield tag="520" ind1=" " ind2=" ">
         <marc:subfield code="a">*Introduction* Blogs are posts to informal web-based journals of varying topical content. GALE Phase 1 Chinese Blog Parallel Text was prepared by the LDC and consists of 313K characters (277 files) of Chinese blog text and its translation selected from eight sources. This release was used as training data in Phase 1 of the DARPA-funded GALE program. *Source Data* Preparing the source data involved four stages of work: data scouting, data harvesting, formatting, and data selection. Data scouting involved manually searching the web for suitable blog text. Data scouts were assigned particular topics and genres along with a production target in order to focus their web search. Formal annotation guidelines and a customized annotation tooklit helped data scouts to manage the search process and to track progress. Data scouts logged their decisions about potential text of interest (sites, threads and posts) to a database. A nightly process queried the annotation database and harvested all designated URLs. Whenever possible, the entire site was downloaded, not just the individual thread or post located by the data scout. Once the text was downloaded, its format was standardized (by running various scripts) so that the data could be more easily integrated into downstream annotation processes. Original-format versions of each document were also preserved. Typically, a new script was required for each new domain name that was identified. After scripts were run, an optional manual process corrected any remaining formatting problems. The selected documents were then reviewed for content-suitability using a semi-automatic process. A statistical approach was used to rank a document's relevance to a set of already-selected documents labeled as "good." An annotator then reviewed the list of relevance-ranked documents and selected those which were suitable for a particular annotation task or for annotation in general. These newly-judged documents in turn provided additional input for the generation of new ranked lists. Manual sentence units/segments (SU) annotation was also performed on a subset of files following LDC's Quick Rich Transcription specification. Three types of end of sentence SU were identified: * statement SU * question SU * incomplete SU *Translation* After files were selected, they were reformatted into a human-readable translation format, and the files were then assigned to professional translators for careful translation. Translators followed LDC's GALE Translation guidelines, which describe the makeup of the translation team, the source data format, the translation data format, best practices for translating certain linguistic features (such as names and speech disfluencies), and quality control procedures applied to completed translations. *Samples* For an example of the data contained in this corpus, please examine these screen captures of source (Chinese) and translation (English) files. *Sponsorship* This work was supported in part by the Defense Advanced Research Projects Agency, GALE Program Grant No. HR0011-06-1-0003. The content of this publication does not necessarily reflect the position or policy of the Government, and no official endorsement should be inferred.</marc:subfield>
      </marc:datafield>
      <marc:datafield tag="546" ind1=" " ind2=" ">
         <marc:subfield code="a">English</marc:subfield>
      </marc:datafield>
      <marc:datafield tag="546" ind1=" " ind2=" ">
         <marc:subfield code="a">Mandarin Chinese</marc:subfield>
      </marc:datafield>
      <marc:datafield tag="655" ind1="7" ind2=" ">
         <marc:subfield code="a">Text</marc:subfield>
         <marc:subfield code="2">DCMI Type</marc:subfield>
      </marc:datafield>
      <marc:datafield tag="700" ind1="1" ind2="0">
         <marc:subfield code="a">Ma, Xiaoyi</marc:subfield>
      </marc:datafield>
      <marc:datafield tag="700" ind1="1" ind2="0">
         <marc:subfield code="a">Strassel, Stephanie</marc:subfield>
      </marc:datafield>
   </marc:record>