
   <marc:record>
      <marc:leader>     nmm a22     3i 4500</marc:leader>
      <marc:controlfield tag="006">m     o  u        </marc:controlfield>
      <marc:controlfield tag="007">cu ||||||u||||</marc:controlfield>
      <marc:controlfield tag="008">      s2008    pau        u        mul d</marc:controlfield>
      <marc:datafield tag="020" ind1=" " ind2=" ">
         <marc:subfield code="a">1585634700</marc:subfield>
      </marc:datafield>
      <marc:datafield tag="024" ind1="8" ind2=" ">
         <marc:subfield code="a">LDC2008L02</marc:subfield>
      </marc:datafield>
      <marc:datafield tag="024" ind1="8" ind2=" ">
         <marc:subfield code="a">ISLRN: 853-261-507-123-4</marc:subfield>
      </marc:datafield>
      <marc:datafield tag="042" ind1=" " ind2=" ">
         <marc:subfield code="a">dc</marc:subfield>
      </marc:datafield>
      <marc:datafield tag="245" ind1="0" ind2="0">
         <marc:subfield code="a">Hindi WordNet</marc:subfield>
      </marc:datafield>
      <marc:datafield tag="264" ind1=" " ind2=" ">
         <marc:subfield code="a">[Philadelphia, Pennsylvania]: </marc:subfield>
         <marc:subfield code="b">Linguistic Data Consortium, </marc:subfield>
         <marc:subfield code="c">[2008]</marc:subfield>
      </marc:datafield>
      <marc:datafield tag="500" ind1=" " ind2=" ">
         <marc:subfield code="a">LDC2008L02</marc:subfield>
      </marc:datafield>
      <marc:datafield tag="500" ind1=" " ind2=" ">
         <marc:subfield code="a">https://catalog.ldc.upenn.edu/LDC2008L02</marc:subfield>
      </marc:datafield>
      <marc:datafield tag="520" ind1=" " ind2=" ">
         <marc:subfield code="a">*Introduction* Hindi WordNet, Linguistic Data Consortium (LDC) catalog number LDC2008L02 and isbn 1-58563-470-0, was developed by researchers at the Center for Indian Language Technology, Computer Science and Engineering Department, IIT Bombay. Hindi, a member of the Indo-Iranian language family, is the primary national language of India and is spoken by approximately 500 million people making it the fifth largest language in the world. Inspired by the well-known English language Wordnet, Hindi Wordnet is the first wordnet for an Indian language. Wordnets are systems for analyzing the different lexical and semantic relations between words. Specifically, a wordnet is a word sense network in which words are grouped into sematically equivalent units called synsets. Each synset represents a lexical concept, and synsets are linked to each other by semantic relations (between synsets) and lexical relations (between words). Similar in design to the Princeton Wordnet for English, Hindi Wordnet incorporates additional features to capture the complexities of Hindi. This release of Hindi Wordnet consists of 56,928 unique words and 26,208 synsets. Additional information about the development of Hindi Wordnet is available at the Hindi WordNet web site. *Data* Hindi WordNet contains nouns, verbs, adjectives and adverbs. Each entry consists of the following elements: * Synset: a set of synonymous words. For example, ?, , ? (vidyaalay, paaThshaalaa, skuul) represents the concept of school as an educational institution. The words in the synset are arranged according to the frequency of usage. * Gloss: the concept. It consists of two parts: Text definition: It explains the concept denoted by the synset. For example, ?            ? (vah sthaan jahaaM praathamik yaa maadhyamik star kii aupacaarik sikshaa dii jaatii hai) explains the concept of school as an educational institution. Example sentence: It gives the usage of the words in the sentence. Generally, the words in a synset are replaceable in the sentence. For example,"           ? (is vidyaalay me pahalii se pancvii tak kii shikshaa dii jaatii hai) gives the usage for the words in the synset representing schoolas an educational institution. * Position in Ontology: An ontology is a hierarchical organization of concepts, or more specifically, a categorization of entities and actions. A separate ontological hierarchy exists for each syntactic category (noun, verb, adjective adverb). Each synset is mapped into some place in the ontology.. This release of Hindi WordNet is made available as a complete Java application along with an API to facilitate further development.</marc:subfield>
      </marc:datafield>
      <marc:datafield tag="546" ind1=" " ind2=" ">
         <marc:subfield code="a">Hindi</marc:subfield>
      </marc:datafield>
      <marc:datafield tag="655" ind1="7" ind2=" ">
         <marc:subfield code="a">Text</marc:subfield>
         <marc:subfield code="2">DCMI Type</marc:subfield>
      </marc:datafield>
      <marc:datafield tag="700" ind1="1" ind2="0">
         <marc:subfield code="a">Bhattacharyya, Pushpak</marc:subfield>
      </marc:datafield>
      <marc:datafield tag="700" ind1="1" ind2="0">
         <marc:subfield code="a">Pande, Prabhakar</marc:subfield>
      </marc:datafield>
      <marc:datafield tag="700" ind1="1" ind2="0">
         <marc:subfield code="a">Lupu, Laxmi</marc:subfield>
      </marc:datafield>
   </marc:record>