
   <marc:record>
      <marc:leader>     nmm a22     3i 4500</marc:leader>
      <marc:controlfield tag="006">m     o  u        </marc:controlfield>
      <marc:controlfield tag="007">cu ||||||u||||</marc:controlfield>
      <marc:controlfield tag="008">      s2008    pau        u        mul d</marc:controlfield>
      <marc:datafield tag="020" ind1=" " ind2=" ">
         <marc:subfield code="a">1585634786</marc:subfield>
      </marc:datafield>
      <marc:datafield tag="024" ind1="8" ind2=" ">
         <marc:subfield code="a">LDC2008S06</marc:subfield>
      </marc:datafield>
      <marc:datafield tag="024" ind1="8" ind2=" ">
         <marc:subfield code="a">ISLRN: 569-415-930-320-1</marc:subfield>
      </marc:datafield>
      <marc:datafield tag="042" ind1=" " ind2=" ">
         <marc:subfield code="a">dc</marc:subfield>
      </marc:datafield>
      <marc:datafield tag="245" ind1="0" ind2="0">
         <marc:subfield code="a">CSLU: Alphadigit Version 1.3</marc:subfield>
      </marc:datafield>
      <marc:datafield tag="264" ind1=" " ind2=" ">
         <marc:subfield code="a">[Philadelphia, Pennsylvania]: </marc:subfield>
         <marc:subfield code="b">Linguistic Data Consortium, </marc:subfield>
         <marc:subfield code="c">[2008]</marc:subfield>
      </marc:datafield>
      <marc:datafield tag="500" ind1=" " ind2=" ">
         <marc:subfield code="a">LDC2008S06</marc:subfield>
      </marc:datafield>
      <marc:datafield tag="500" ind1=" " ind2=" ">
         <marc:subfield code="a">https://catalog.ldc.upenn.edu/LDC2008S06</marc:subfield>
      </marc:datafield>
      <marc:datafield tag="520" ind1=" " ind2=" ">
         <marc:subfield code="a">*Introduction* This file contains documentation for CSLU: Alphadigit Version 1.3 , Linguistic Data Consortium (LDC) catalog number LDC2008S06 and isbn 1-58563-478-6. Alphadigit Version 1.3 is a collection of 78,044 utterances from 3,025 speakers saying six-digit strings of letters and digits over the telephone for a total of approximately 82 hours of speech. Each speech file has corresponding orthographic and phonemic transcriptions. This corpus was created by the Center for Spoken Language Understanding (CSLU), Oregon Health &amp; Science University, Beaverton, Oregon. *Data* Speakers were recruited using USEnet postings. Respondents registered for the collection by completing an online form. Once registered, they received a list of 18-29 six-digit strings (e.g., "a 2 b 4 5 g") and participation instructions. Speakers called the CSLU data collection system by dialing a toll-free number and were prompted for each string; 1102 different strings were used throughout the course of the data collection. The lists were set up to balance for phonetic context between all letter and digit pairs. The data were recorded directly from a digital phone line without digital-to-analog or analog-to-digital conversion at the recording end using the CSLU T1 digital data collection system. The sampling rate was 8khz and the files were stored in 8-bit mu-law format on a UNIX file system. The files have been converted to RIFF standard file format, 16-bit linearly encoded. *Transcription* All of the files included in this corpus have corresponding non-time-aligned word-level transcriptions and time aligned phoneme-level transcriptions (automatic forced alignment) that comply with the conventions in the CSLU Labeling Guide. Non time-aligned orthographic transcriptions provide quick access to the content of an utterance; they may contain markers for word boundaries to support access and retrieval at the lexical level. Phonetic/phonemic transcriptions represent the phonetic content of an utterance at a given level of detail that is made explicit by the use of diacritics. Phonetic phenomena transcribed include excessive nasalization, glottalization, frication on a stop, centralization, lateralization, rounding and palatalization. *Samples* For an example of the speech contained in this corpus, please listen to this audio sample (MS wave).</marc:subfield>
      </marc:datafield>
      <marc:datafield tag="546" ind1=" " ind2=" ">
         <marc:subfield code="a">English</marc:subfield>
      </marc:datafield>
      <marc:datafield tag="655" ind1="7" ind2=" ">
         <marc:subfield code="a">Sound</marc:subfield>
         <marc:subfield code="2">DCMI Type</marc:subfield>
      </marc:datafield>
      <marc:datafield tag="700" ind1="1" ind2="0">
         <marc:subfield code="a">Cole, Ronald Allan</marc:subfield>
      </marc:datafield>
      <marc:datafield tag="700" ind1="1" ind2="0">
         <marc:subfield code="a">Noel, M.</marc:subfield>
      </marc:datafield>
      <marc:datafield tag="700" ind1="1" ind2="0">
         <marc:subfield code="a">Lander, T.</marc:subfield>
      </marc:datafield>
      <marc:datafield tag="700" ind1="1" ind2="0">
         <marc:subfield code="a">Durham, T.</marc:subfield>
      </marc:datafield>
   </marc:record>