
   <marc:record>
      <marc:leader>     nmm a22     3i 4500</marc:leader>
      <marc:controlfield tag="006">m     o  u        </marc:controlfield>
      <marc:controlfield tag="007">cu ||||||u||||</marc:controlfield>
      <marc:controlfield tag="008">      s2009    pau        u        mul d</marc:controlfield>
      <marc:datafield tag="020" ind1=" " ind2=" ">
         <marc:subfield code="a">1585635189</marc:subfield>
      </marc:datafield>
      <marc:datafield tag="024" ind1="8" ind2=" ">
         <marc:subfield code="a">LDC2009T21</marc:subfield>
      </marc:datafield>
      <marc:datafield tag="024" ind1="8" ind2=" ">
         <marc:subfield code="a">ISLRN: 202-219-770-615-1</marc:subfield>
      </marc:datafield>
      <marc:datafield tag="042" ind1=" " ind2=" ">
         <marc:subfield code="a">dc</marc:subfield>
      </marc:datafield>
      <marc:datafield tag="245" ind1="0" ind2="0">
         <marc:subfield code="a">Spanish Gigaword Second Edition</marc:subfield>
      </marc:datafield>
      <marc:datafield tag="264" ind1=" " ind2=" ">
         <marc:subfield code="a">[Philadelphia, Pennsylvania]: </marc:subfield>
         <marc:subfield code="b">Linguistic Data Consortium, </marc:subfield>
         <marc:subfield code="c">[2009]</marc:subfield>
      </marc:datafield>
      <marc:datafield tag="500" ind1=" " ind2=" ">
         <marc:subfield code="a">LDC2009T21</marc:subfield>
      </marc:datafield>
      <marc:datafield tag="500" ind1=" " ind2=" ">
         <marc:subfield code="a">https://catalog.ldc.upenn.edu/LDC2009T21</marc:subfield>
      </marc:datafield>
      <marc:datafield tag="520" ind1=" " ind2=" ">
         <marc:subfield code="a">*Introduction* Spanish Gigaword Second Edition is a comprehensive archive of newswire text data that has been acquired over several years by LDC. This second edition updates Spanish Gigaword First Edition (LDC2006T12) and adds data collected from January 1, 2006 through December 31, 2008. The three distinct international sources of Spanish newswire in this edition, and the time spans of collection covered for each, are as follows: * Agence France-Presse, Spanish Service (afp_spa) May 1994 - Dec 2008 * Associated Press Worldstream, Spanish (apw_spa) Nov 1993 - Dec 2008 * Xinhua News Agency, Spanish Service (xin_spa) Sep 2001 - Dec 2008 The seven-letter codes in the parentheses above include the three-character source name abbreviations and the three-character language code (spa) separated by an underscore (_) character. The three-letter language code conforms to LDCs internal convention based on the ISO 639-3 standard. These codes are used in the directory names where the data files are found and in the prefix that appears at the beginning of every data file name. They are also used (in all UPPER CASE) as the initial portion of the DOC id strings that uniquely identify each news story. *Data* The overall totals for each source are summarized below. Note that the Totl-MB numbers show the amount of data obtained when the files are uncompressed (i.e. approximately 7 gigabytes, total) the Gzip-MB column shows totals for compressed file sizes as stored on the DVD-ROM the K-wrds numbers are simply the number of whitespace-separated tokens (of all types) after all SGML tags are eliminated. Source #Files Gzip-MB Totl-MB K-wrds #DOCs AFP_SPA 175 1182 3512 506562 1748787 APW_SPA 180 886 2721 402718 1244811 XIN_SPA 88 405 1238 182543 734356 TOTAL 443 2453 7471 1091823 3727954 The following tables present Text-MB, K-wrds and #DOCS broken down by source and DOC type Text-MB represents the total number of characters (including whitespace) after SGML tags are eliminated. Text-MB K-wrds #DOCs type=advis: AFP_SPA 144 20520 45446 APW_SPA 41 6173 11112 XIN_SPA 0 0 0 TOTAL 185 26693 56558 type=multi: AFP_SPA 84 12711 15346 APW_SPA 351 55758 107224 XIN_SPA 189 29970 56372 TOTAL 624 98439 178942 type=other: AFP_SPA 275 38665 160815 APW_SPA 296 40517 162448 XIN_SPA 44 6376 50168 TOTAL 615 85558 373431 type=story: AFP_SPA 2771 434677 1527180 APW_SPA 1875 300274 964027 XIN_SPA 911 146199 627816 TOTAL 5557 881150 3119023 *Samples* Please view this sample.</marc:subfield>
      </marc:datafield>
      <marc:datafield tag="546" ind1=" " ind2=" ">
         <marc:subfield code="a">Spanish</marc:subfield>
      </marc:datafield>
      <marc:datafield tag="655" ind1="7" ind2=" ">
         <marc:subfield code="a">Text</marc:subfield>
         <marc:subfield code="2">DCMI Type</marc:subfield>
      </marc:datafield>
      <marc:datafield tag="700" ind1="1" ind2="0">
         <marc:subfield code="a">Mendona, ngelo</marc:subfield>
      </marc:datafield>
      <marc:datafield tag="700" ind1="1" ind2="0">
         <marc:subfield code="a">Graff, David</marc:subfield>
      </marc:datafield>
      <marc:datafield tag="700" ind1="1" ind2="0">
         <marc:subfield code="a">DiPersio, Denise</marc:subfield>
      </marc:datafield>
   </marc:record>