
   <marc:record>
      <marc:leader>     nmm a22     3i 4500</marc:leader>
      <marc:controlfield tag="006">m     o  u        </marc:controlfield>
      <marc:controlfield tag="007">cu ||||||u||||</marc:controlfield>
      <marc:controlfield tag="008">      s2009    pau        u        mul d</marc:controlfield>
      <marc:datafield tag="020" ind1=" " ind2=" ">
         <marc:subfield code="a">1585635227</marc:subfield>
      </marc:datafield>
      <marc:datafield tag="024" ind1="8" ind2=" ">
         <marc:subfield code="a">LDC2009T23</marc:subfield>
      </marc:datafield>
      <marc:datafield tag="024" ind1="8" ind2=" ">
         <marc:subfield code="a">ISLRN: 293-001-569-603-0</marc:subfield>
      </marc:datafield>
      <marc:datafield tag="042" ind1=" " ind2=" ">
         <marc:subfield code="a">dc</marc:subfield>
      </marc:datafield>
      <marc:datafield tag="245" ind1="0" ind2="0">
         <marc:subfield code="a">FactBank 1.0</marc:subfield>
      </marc:datafield>
      <marc:datafield tag="264" ind1=" " ind2=" ">
         <marc:subfield code="a">[Philadelphia, Pennsylvania]: </marc:subfield>
         <marc:subfield code="b">Linguistic Data Consortium, </marc:subfield>
         <marc:subfield code="c">[2009]</marc:subfield>
      </marc:datafield>
      <marc:datafield tag="500" ind1=" " ind2=" ">
         <marc:subfield code="a">LDC2009T23</marc:subfield>
      </marc:datafield>
      <marc:datafield tag="500" ind1=" " ind2=" ">
         <marc:subfield code="a">https://catalog.ldc.upenn.edu/LDC2009T23</marc:subfield>
      </marc:datafield>
      <marc:datafield tag="520" ind1=" " ind2=" ">
         <marc:subfield code="a">*Introduction* FactBank 1.0, Linguistic Data Consortium (LDC) catalog number LDC2009T23 and isbn 1-58563-522-7, consists of 208 documents (over 77,000 tokens) from newswire and broadcast news reports in which event mentions are annotated with their degree of factuality, that is, the degree to which they correspond to those events. FactBank 1.0 was built on top of TimeBank 1.2 and a fragment of the AQUAINT TimeML Corpus, both of which used the TimeML specification language. This resulted in a double-layered annotation of event factuality. TimeBank 1.2 and AQUAINT TimeML encode most of the basic structural elements expressing factuality information while FactBank 1.0 represents the resulting factuality interpretation. The combination of the factuality values in FactBank with the structural information in TimeML-annotated corpora facilitates the development of tools aimed at automatically identifying the factuality values of events, a component fundamental in tasks requiring some degree of text understanding, such as Textual Entailment, Question Answering, or Narrative Understanding. FactBank annotations indicate whether the event mention describes actual situations in the world, situations that have not happened, or situations of uncertain interpretation. Event factuality is not an inherent feature of events but a matter of perspective. Different discourse participants may present divergent views about the factuality of the very same event. Consequently, in FactBank, the factuality degree of events is assigned relative to the relevant sources at play. In this way, it can adequately reflect the divergence of opinions regarding the factual status of events, as is common in news reports. The annotation language is grounded on established linguistic analyses of the phenomenon, which facilitated the creation of a battery of discriminatory tests for distinguishing between factuality values. Furthermore, the annotation procedure was carefully designed and divided into basic, sequential annotation tasks. This made it possible for hard tasks to be built on top of simpler ones, while at the same time allowing annotators to become incrementally familiar with the complexity of the problem. As a result, FactBank annotation achieved a relatively high interannotation agreement, kappa=0.81, a positive result when considered against similar annotation efforts. *Data* All FactBank markup is standoff and is represented through a set of 20 tables which can be easily loaded into a database. Each table resides in an independent text file, where fields are separated by three consecutive bars (i.e., |||). The data in fields of string type are presented between simple quotations ('). Because FactBank 1.0 was built on top of TimeBank 1.2 and AQUAINT TimeML, both of which are marked up with inline XML-based annotation, this release contains the TimeBank 1.2 and AQUAINT TimeML annotation in standoff, table-based format as well. *Samples* * Source * Event Coreference * Event Annotations The World is a co-production of Public Radio International and the British Broadcasting Corporation and is produced at WGBH Boston.</marc:subfield>
      </marc:datafield>
      <marc:datafield tag="546" ind1=" " ind2=" ">
         <marc:subfield code="a">English</marc:subfield>
      </marc:datafield>
      <marc:datafield tag="655" ind1="7" ind2=" ">
         <marc:subfield code="a">Text</marc:subfield>
         <marc:subfield code="2">DCMI Type</marc:subfield>
      </marc:datafield>
      <marc:datafield tag="700" ind1="1" ind2="0">
         <marc:subfield code="a">Sauri, Roser</marc:subfield>
      </marc:datafield>
      <marc:datafield tag="700" ind1="1" ind2="0">
         <marc:subfield code="a">Pustejovsky, James</marc:subfield>
      </marc:datafield>
   </marc:record>