
   <marc:record>
      <marc:leader>     nmm a22     3i 4500</marc:leader>
      <marc:controlfield tag="006">m     o  u        </marc:controlfield>
      <marc:controlfield tag="007">cu ||||||u||||</marc:controlfield>
      <marc:controlfield tag="008">      s2009    pau        u        mul d</marc:controlfield>
      <marc:datafield tag="020" ind1=" " ind2=" ">
         <marc:subfield code="a">1585635235</marc:subfield>
      </marc:datafield>
      <marc:datafield tag="024" ind1="8" ind2=" ">
         <marc:subfield code="a">LDC2009S03</marc:subfield>
      </marc:datafield>
      <marc:datafield tag="024" ind1="8" ind2=" ">
         <marc:subfield code="a">ISLRN: 644-574-573-711-4</marc:subfield>
      </marc:datafield>
      <marc:datafield tag="042" ind1=" " ind2=" ">
         <marc:subfield code="a">dc</marc:subfield>
      </marc:datafield>
      <marc:datafield tag="245" ind1="0" ind2="0">
         <marc:subfield code="a">CSLU: S4X Release 1.2</marc:subfield>
      </marc:datafield>
      <marc:datafield tag="264" ind1=" " ind2=" ">
         <marc:subfield code="a">[Philadelphia, Pennsylvania]: </marc:subfield>
         <marc:subfield code="b">Linguistic Data Consortium, </marc:subfield>
         <marc:subfield code="c">[2009]</marc:subfield>
      </marc:datafield>
      <marc:datafield tag="500" ind1=" " ind2=" ">
         <marc:subfield code="a">LDC2009S03</marc:subfield>
      </marc:datafield>
      <marc:datafield tag="500" ind1=" " ind2=" ">
         <marc:subfield code="a">https://catalog.ldc.upenn.edu/LDC2009S03</marc:subfield>
      </marc:datafield>
      <marc:datafield tag="520" ind1=" " ind2=" ">
         <marc:subfield code="a">*Introduction* CSLU: S4X Release 1.2, Linguistic Data Consortium (LDC) catalog number LDC2009S03 and isbn 1-58563-523-5, was created by the Center for Spoken Language Understanding, Oregon Health and Science University (CSLU). The corpus consists of 36 speakers (22 male, 14 female) uttering 11 specified words. The speakers repeated the following words six times on each of four channels: startrek, supernova, tektronix, generation, nebula, processing, singularity, 71523, abracadabra, sungeeta and computer. The four channels used were office phone, home phone, carbon microphone telephone and speaker phone. Each speech file has a corresponding time-aligned phoneme-level transcription (achieved using automatic forced alignment) and an automatically-generated world-level transcription. Humans reviewed each utterance in two passes and classified it as good, bad, noisy or different. The results of this verification process are included in the /docs directory. *Data* The data was recorded with the CSLU T1 digital data collection system. Each utterance is recorded as a separate file. These files were sampled at 8 khz 8-bit and stored as ulaw files. All of the data use the RIFF standard file format. This file format is 16-bit linearly encoded. *Samples* For an example of the data in this corpus, please listen to this recording of a subject speaking the word 'computer': SD-1030-computer-t3-67.</marc:subfield>
      </marc:datafield>
      <marc:datafield tag="546" ind1=" " ind2=" ">
         <marc:subfield code="a">English</marc:subfield>
      </marc:datafield>
      <marc:datafield tag="655" ind1="7" ind2=" ">
         <marc:subfield code="a">Sound</marc:subfield>
         <marc:subfield code="2">DCMI Type</marc:subfield>
      </marc:datafield>
      <marc:datafield tag="700" ind1="1" ind2="0">
         <marc:subfield code="a">Cole, Ronald Allan</marc:subfield>
      </marc:datafield>
      <marc:datafield tag="700" ind1="1" ind2="0">
         <marc:subfield code="a">Noel, M.</marc:subfield>
      </marc:datafield>
      <marc:datafield tag="700" ind1="1" ind2="0">
         <marc:subfield code="a">Lander, T.</marc:subfield>
      </marc:datafield>
      <marc:datafield tag="700" ind1="1" ind2="0">
         <marc:subfield code="a">Durham, T.</marc:subfield>
      </marc:datafield>
   </marc:record>