
   <marc:record>
      <marc:leader>     nmm a22     3i 4500</marc:leader>
      <marc:controlfield tag="006">m     o  u        </marc:controlfield>
      <marc:controlfield tag="007">cu ||||||u||||</marc:controlfield>
      <marc:controlfield tag="008">      s2009    pau        u        mul d</marc:controlfield>
      <marc:datafield tag="020" ind1=" " ind2=" ">
         <marc:subfield code="a">1585635316</marc:subfield>
      </marc:datafield>
      <marc:datafield tag="024" ind1="8" ind2=" ">
         <marc:subfield code="a">LDC2009T29</marc:subfield>
      </marc:datafield>
      <marc:datafield tag="024" ind1="8" ind2=" ">
         <marc:subfield code="a">ISLRN: 150-170-243-077-5</marc:subfield>
      </marc:datafield>
      <marc:datafield tag="042" ind1=" " ind2=" ">
         <marc:subfield code="a">dc</marc:subfield>
      </marc:datafield>
      <marc:datafield tag="245" ind1="0" ind2="0">
         <marc:subfield code="a">ACL Anthology Reference Corpus</marc:subfield>
      </marc:datafield>
      <marc:datafield tag="264" ind1=" " ind2=" ">
         <marc:subfield code="a">[Philadelphia, Pennsylvania]: </marc:subfield>
         <marc:subfield code="b">Linguistic Data Consortium, </marc:subfield>
         <marc:subfield code="c">[2009]</marc:subfield>
      </marc:datafield>
      <marc:datafield tag="500" ind1=" " ind2=" ">
         <marc:subfield code="a">LDC2009T29</marc:subfield>
      </marc:datafield>
      <marc:datafield tag="500" ind1=" " ind2=" ">
         <marc:subfield code="a">https://catalog.ldc.upenn.edu/LDC2009T29</marc:subfield>
      </marc:datafield>
      <marc:datafield tag="520" ind1=" " ind2=" ">
         <marc:subfield code="a">*Introduction* ACL Anthology Reference Corpus is a digital archive of 10,291 research papers in computational linguistics sponsored by the Association for Computational Linguistics (ACL). Also available from the ACL, this release contains most of the papers that appear up to February 2007 in the web-based ACL Anthology, a dynamic repository that currently hosts over 16,500 articles drawn from a range of conferences and workshops as well as past issues of the Computational Linguistics journal. The ACL Anthology Reference Corpus is designed to be a standard, real-world digital collection testbed for experiments in bibliographic and bibliometric research. The ACL is the international scientific and professional society for scholars working on problems involving natural language and computation. Membership includes the ACL quarterly journal, Computational Linguistics, reduced registration at most ACL-sponsored conferences, discounts on ACL-sponsored publications and participation in ACL Special Interest Groups. Since 1988, Computational Linguistics has been the primary forum for research on computational linguistics and natural language processing. *Data* The material in the ACL Anthology Reference Corpus was scanned at 600dpi grayscale for archival storage, down-sampled to 300dpi black-and-white, assembled into articles and stored in the "PDF Image with Hidden Text" format. Author and title metadata was extracted from the OCRed text and used to build HTML index pages. Older materials, such as conference proceedings from the 1960s and early volumes of Computational Linguistics, were manually digitized from microfiche slides. ACL Reference Anthology includes: * 10,921 PDF files in the pdf/anthology-PDF tree. * 13,551 files with metadata described in the metadata/anthology-XML tree * 84,542 pages in the PDF files</marc:subfield>
      </marc:datafield>
      <marc:datafield tag="546" ind1=" " ind2=" ">
         <marc:subfield code="a">English</marc:subfield>
      </marc:datafield>
      <marc:datafield tag="655" ind1="7" ind2=" ">
         <marc:subfield code="a">Text</marc:subfield>
         <marc:subfield code="2">DCMI Type</marc:subfield>
      </marc:datafield>
      <marc:datafield tag="700" ind1="1" ind2="0">
         <marc:subfield code="a">Kan, Min-Yen</marc:subfield>
      </marc:datafield>
      <marc:datafield tag="700" ind1="1" ind2="0">
         <marc:subfield code="a">Bird, Steven</marc:subfield>
      </marc:datafield>
   </marc:record>