
   <marc:record>
      <marc:leader>     nmm a22     3i 4500</marc:leader>
      <marc:controlfield tag="006">m     o  u        </marc:controlfield>
      <marc:controlfield tag="007">cu ||||||u||||</marc:controlfield>
      <marc:controlfield tag="008">      s2009    pau        u        mul d</marc:controlfield>
      <marc:datafield tag="020" ind1=" " ind2=" ">
         <marc:subfield code="a">1585635324</marc:subfield>
      </marc:datafield>
      <marc:datafield tag="024" ind1="8" ind2=" ">
         <marc:subfield code="a">LDC2009T30</marc:subfield>
      </marc:datafield>
      <marc:datafield tag="024" ind1="8" ind2=" ">
         <marc:subfield code="a">ISLRN: 766-411-032-967-0</marc:subfield>
      </marc:datafield>
      <marc:datafield tag="042" ind1=" " ind2=" ">
         <marc:subfield code="a">dc</marc:subfield>
      </marc:datafield>
      <marc:datafield tag="245" ind1="0" ind2="0">
         <marc:subfield code="a">Arabic Gigaword Fourth Edition</marc:subfield>
      </marc:datafield>
      <marc:datafield tag="264" ind1=" " ind2=" ">
         <marc:subfield code="a">[Philadelphia, Pennsylvania]: </marc:subfield>
         <marc:subfield code="b">Linguistic Data Consortium, </marc:subfield>
         <marc:subfield code="c">[2009]</marc:subfield>
      </marc:datafield>
      <marc:datafield tag="500" ind1=" " ind2=" ">
         <marc:subfield code="a">LDC2009T30</marc:subfield>
      </marc:datafield>
      <marc:datafield tag="500" ind1=" " ind2=" ">
         <marc:subfield code="a">https://catalog.ldc.upenn.edu/LDC2009T30</marc:subfield>
      </marc:datafield>
      <marc:datafield tag="520" ind1=" " ind2=" ">
         <marc:subfield code="a">*Introduction* Arabic Gigaword Fourth Edition, Linguistic Data Consortium (LDC) catalog number LDC2009T30 and ISBN 1-58563-532-4, is a comprehensive archive of Arabic newswire text that has been acquired over several years at LDC. Arabic Gigaword Fourth Edition includes all of the content of Arabic Gigaword Third Edition (LDC2007T40) as well as newly-collected data. In addition, three new sources have been added in the fourth edition: Al-Ahram, Asharq Al-Awsat and Al-Quds Al-Arabi. Nine distinct international sources of Arabic newswire are represented here: * Al-Ahram (ahr_arb) * Asharq Al-Awsat (aaw_arb) * Agence France Presse (afp_arb) * Assabah (asb_arb) * Al Hayat (hyt_arb) * An Nahar (nhr_arb) * Al-Quds Al-Arabi (qds_arb) * Ummah Press (umh_arb) * Xinhua News Agency (xin_arb) The seven-character codes shown above represent both the directory names where the data files are found and the 7-letter prefix that appears at the beginning of every file name. The 7-letter codes consist of the three-character source name IDs and the three-character language code ("arb") separated by an underscore ("_") character. These news services all use Modern Standard Arabic (MSA), so there should be a fairly limited scope for orthographic and lexical variation due to regional Arabic dialects. However, to the extent that regional dialects might have an influence on MSA usage, the following should be noted: * Al-Ahram is based in Cairo, Egypt. * Asharq Al-Awsat is based in London, England, UK. * An Nahar is based in Beirut, Lebanon. * Al Hayat was originally a Lebanese news service, but it has been based in London during the entire period represented in this archive. * Assabah is based in Tunisia. * The Xinhua and Agence France Presse (AFP) services are obviously international in scope (Xinhua is based in Beijing, AFP in Paris), and the regional distribution of Arabic reporters and editors for these services is not known. * The content provided by Ummah Press comes from diverse sources throughout the Arabic-speaking world. * Al-Quds Al-Arabi is based in London, England, UK. *New in the Fourth Edition* * New Sources This release marks the first edition of Arabic Gigaword to include content from Al-Ahram, Asharq Al-Awsat and Al-Quds Al-Arabi covering the period from November 2006 through December 2008. * New Data for Existing Sources This release contains all data collected by LDC from January 2007 through December 2008, except for Ummah Press for which data from January 2005 through December 2008 is included. The table below shows data quantity by source under the following categories: data source (Source); the number of files per source (#Files); compressed file size (Gzip-MB); uncompressed file size (Totl-MB); the number of space-separated words tokens in the text (K-words); and the number of documents per source (#DOCs). Source #Files Gzip-MB Totl-MB K-wrds #DOCs aaw_arb 26 114 386 36694 87506 afp_arb 176 530 1979 184631 930656 ahr_arb 26 114 131 42265 107187 asb_arb 52 45 149 14322 32794 hyt_arb 166 663 2224 209318 448335 nhr_arb 157 784 2662 253559 557151 qds_arb 26 62 198 18996 49352 umh_arb 68 9.3 31 2995 11350 xin_arb 91 245 890 85689 492664 Totals 788 5018 8650 848469 2716995 *Samples* For an example of the data contained in this corps, please examine this jpeg image of the text content. *Sponsorship* This work was supported in part by the Defense Advanced Research Projects Agency, GALE Program Grant No. HR0011-06-1-0003. The content of this publication does not necessarily reflect the position or the policy of the Government, and no official endorsement should be inferred.</marc:subfield>
      </marc:datafield>
      <marc:datafield tag="546" ind1=" " ind2=" ">
         <marc:subfield code="a">Standard Arabic</marc:subfield>
      </marc:datafield>
      <marc:datafield tag="546" ind1=" " ind2=" ">
         <marc:subfield code="a">Arabic</marc:subfield>
      </marc:datafield>
      <marc:datafield tag="655" ind1="7" ind2=" ">
         <marc:subfield code="a">Text</marc:subfield>
         <marc:subfield code="2">DCMI Type</marc:subfield>
      </marc:datafield>
      <marc:datafield tag="700" ind1="1" ind2="0">
         <marc:subfield code="a">Parker, Robert</marc:subfield>
      </marc:datafield>
      <marc:datafield tag="700" ind1="1" ind2="0">
         <marc:subfield code="a">Graff, David</marc:subfield>
      </marc:datafield>
      <marc:datafield tag="700" ind1="1" ind2="0">
         <marc:subfield code="a">Chen, Ke</marc:subfield>
      </marc:datafield>
      <marc:datafield tag="700" ind1="1" ind2="0">
         <marc:subfield code="a">Kong, Junbo</marc:subfield>
      </marc:datafield>
      <marc:datafield tag="700" ind1="1" ind2="0">
         <marc:subfield code="a">Maeda, Kazuaki</marc:subfield>
      </marc:datafield>
   </marc:record>