
   <marc:record>
      <marc:leader>     nmm a22     3i 4500</marc:leader>
      <marc:controlfield tag="006">m     o  u        </marc:controlfield>
      <marc:controlfield tag="007">cu ||||||u||||</marc:controlfield>
      <marc:controlfield tag="008">      s2002    pau        u        mul d</marc:controlfield>
      <marc:datafield tag="020" ind1=" " ind2=" ">
         <marc:subfield code="a">1585635413</marc:subfield>
      </marc:datafield>
      <marc:datafield tag="024" ind1="8" ind2=" ">
         <marc:subfield code="a">LDC2002T43</marc:subfield>
      </marc:datafield>
      <marc:datafield tag="024" ind1="8" ind2=" ">
         <marc:subfield code="a">ISLRN: 433-190-013-581-4</marc:subfield>
      </marc:datafield>
      <marc:datafield tag="042" ind1=" " ind2=" ">
         <marc:subfield code="a">dc</marc:subfield>
      </marc:datafield>
      <marc:datafield tag="245" ind1="0" ind2="0">
         <marc:subfield code="a">2000 HUB5 English Evaluation Transcripts</marc:subfield>
      </marc:datafield>
      <marc:datafield tag="264" ind1=" " ind2=" ">
         <marc:subfield code="a">[Philadelphia, Pennsylvania]: </marc:subfield>
         <marc:subfield code="b">Linguistic Data Consortium, </marc:subfield>
         <marc:subfield code="c">[2002]</marc:subfield>
      </marc:datafield>
      <marc:datafield tag="500" ind1=" " ind2=" ">
         <marc:subfield code="a">LDC2002T43</marc:subfield>
      </marc:datafield>
      <marc:datafield tag="500" ind1=" " ind2=" ">
         <marc:subfield code="a">https://catalog.ldc.upenn.edu/LDC2002T43</marc:subfield>
      </marc:datafield>
      <marc:datafield tag="520" ind1=" " ind2=" ">
         <marc:subfield code="a">*Introduction* 2000 HUB5 English Evaluation Transcripts was developed by the Linguistic Data Consortium (LDC) and consists of transcripts of 40 English telephone conversations used in the 2000 HUB5 evaluation sponsored by NIST (National Institute of Standards and Technology). The Hub5 evaluation series focused on conversational speech over the telephone with the particular task of transcribing conversational speech into text. Its goals were to explore promising new areas in the recognition of conversational speech, to develop advanced technology incorporating those ideas and to measure the performance of new technology. Further information about the evaluation can be found on the NIST HUB5 website. *Data* This release contains transcripts in .txt format for the 40 source speech data files used in the evaluation: (1) 20 unreleased telephone conversations from the Swtichboard studies in which recruited speakers were connected through a robot operator to carry on casual conversations about a daily topic announced by the robot operator at the start of the call; and (2) 20 telephone conversations from CALLHOME American English Speech which consists of unscripted telephone conversations between native English speakers. The corresponding speech files are availalbe in 2000 HUB5 English Evaluation Speech (LDC2002S09). *Samples* Please view this sample. *Updates* There are no updates at this time.</marc:subfield>
      </marc:datafield>
      <marc:datafield tag="655" ind1="7" ind2=" ">
         <marc:subfield code="a">Text</marc:subfield>
         <marc:subfield code="2">DCMI Type</marc:subfield>
      </marc:datafield>
      <marc:datafield tag="700" ind1="1" ind2="0">
         <marc:subfield code="a">Linguistic Data Consortium</marc:subfield>
      </marc:datafield>
   </marc:record>