
   <marc:record>
      <marc:leader>     nmm a22     3i 4500</marc:leader>
      <marc:controlfield tag="006">m     o  u        </marc:controlfield>
      <marc:controlfield tag="007">cu ||||||u||||</marc:controlfield>
      <marc:controlfield tag="008">      s2010    pau        u        mul d</marc:controlfield>
      <marc:datafield tag="020" ind1=" " ind2=" ">
         <marc:subfield code="a">1585635510</marc:subfield>
      </marc:datafield>
      <marc:datafield tag="024" ind1="8" ind2=" ">
         <marc:subfield code="a">LDC2010V01</marc:subfield>
      </marc:datafield>
      <marc:datafield tag="024" ind1="8" ind2=" ">
         <marc:subfield code="a">ISLRN: 778-679-274-442-1</marc:subfield>
      </marc:datafield>
      <marc:datafield tag="042" ind1=" " ind2=" ">
         <marc:subfield code="a">dc</marc:subfield>
      </marc:datafield>
      <marc:datafield tag="245" ind1="0" ind2="0">
         <marc:subfield code="a">TRECVID 2004 Keyframes &amp; Transcripts</marc:subfield>
      </marc:datafield>
      <marc:datafield tag="264" ind1=" " ind2=" ">
         <marc:subfield code="a">[Philadelphia, Pennsylvania]: </marc:subfield>
         <marc:subfield code="b">Linguistic Data Consortium, </marc:subfield>
         <marc:subfield code="c">[2010]</marc:subfield>
      </marc:datafield>
      <marc:datafield tag="500" ind1=" " ind2=" ">
         <marc:subfield code="a">LDC2010V01</marc:subfield>
      </marc:datafield>
      <marc:datafield tag="500" ind1=" " ind2=" ">
         <marc:subfield code="a">https://catalog.ldc.upenn.edu/LDC2010V01</marc:subfield>
      </marc:datafield>
      <marc:datafield tag="520" ind1=" " ind2=" ">
         <marc:subfield code="a">*Introduction * TRECVID 2004 Keyframes and Transcripts was developed as a collaborative effort between researchers at LDC, NIST, LIMSI-CNRS, and Dublin City University. TREC Video Retrieval Evaluation (TRECVID) is sponsored by the National Institute of Standards and Technology (NIST) to promote progress in content-based retrieval from digital video via open, metrics-based evaluation. The keyframes in this release were extracted for use in the NIST TRECVID 2004 Evaluation. TRECVID is a laboratory-style evaluation that attempts to model real world situations or significant component tasks involved in such situations. In 2004 there were four main tasks with associated tests: * shot boundary determination * story segmentation * high-level feature extraction * search (interactive and manual) For a detailed description of the TRECVID Evaluation Tasks, please refer to the NIST TRECVID 2004 Evaluation Description. *Data * The source data includes approximately 70 hours of English language broadcast programming collected by LDC in 1998 from ABC ("World News Tonight") and CNN ("CNN Headline News"). Shots are fundamental units of video, useful for higher-level processing. To create the master list of shots, the video was segmented. The results of this pass are called subshots. Because the master shot reference is designed for use in manual assessment, a second pass over the segmentation was made to create the master shots of at least 2 seconds in length. These master shots are the ones used in submitting results for the feature and search tasks in the evaluation. In the second pass, starting at the beginning of each file, the subshots were aggregated, if necessary, until the current shot was at least 2 seconds in duration, at which point the aggregation began anew with the next subshot. The keyframes were selected by going to the middle frame of the shot boundary, then parsing left and right of that frame to locate the nearest I-Frame. This then became the keyframe and was extracted. Keyframes have been provided at both the subshot (NRKF) and master shot (RKF) levels. In a small number of cases (all of them subshots) there was no I-Frame within the subshot boundaries. When this occurred, the middle frame was selected. There is one anomaly: at the end of the first video in the test collection, a subshot occurs outside a master shot.) The emphasis in the common shot boundary reference is on the shots, not the transitions. The shots are contiguous. There are no gaps between them. They do not overlap. The media time format is based on the Gregorian day time (ISO 8601) norm. Fractions are defined by counting pre-specified fractions of a second. *Sample* Samples of data available in this corpus: Keyframe (video still) Shots metadata (mp7 markup) Subshot metadata Transcript Tokenized transcript *Updates * No updates are available at this time.</marc:subfield>
      </marc:datafield>
      <marc:datafield tag="546" ind1=" " ind2=" ">
         <marc:subfield code="a">English</marc:subfield>
      </marc:datafield>
      <marc:datafield tag="655" ind1="7" ind2=" ">
         <marc:subfield code="a">MovingImage</marc:subfield>
         <marc:subfield code="2">DCMI Type</marc:subfield>
      </marc:datafield>
      <marc:datafield tag="700" ind1="1" ind2="0">
         <marc:subfield code="a">Over, Paul</marc:subfield>
      </marc:datafield>
      <marc:datafield tag="700" ind1="1" ind2="0">
         <marc:subfield code="a">Quenot, Georges</marc:subfield>
      </marc:datafield>
      <marc:datafield tag="700" ind1="1" ind2="0">
         <marc:subfield code="a">Walker, Kevin</marc:subfield>
      </marc:datafield>
   </marc:record>