
   <marc:record>
      <marc:leader>     nmm a22     3i 4500</marc:leader>
      <marc:controlfield tag="006">m     o  u        </marc:controlfield>
      <marc:controlfield tag="007">cu ||||||u||||</marc:controlfield>
      <marc:controlfield tag="008">      s2010    pau        u        mul d</marc:controlfield>
      <marc:datafield tag="020" ind1=" " ind2=" ">
         <marc:subfield code="a">1585635596</marc:subfield>
      </marc:datafield>
      <marc:datafield tag="024" ind1="8" ind2=" ">
         <marc:subfield code="a">LDC2010S07</marc:subfield>
      </marc:datafield>
      <marc:datafield tag="024" ind1="8" ind2=" ">
         <marc:subfield code="a">ISLRN: 042-211-152-679-3</marc:subfield>
      </marc:datafield>
      <marc:datafield tag="042" ind1=" " ind2=" ">
         <marc:subfield code="a">dc</marc:subfield>
      </marc:datafield>
      <marc:datafield tag="245" ind1="0" ind2="0">
         <marc:subfield code="a">Asian Spoken Language Sampler</marc:subfield>
      </marc:datafield>
      <marc:datafield tag="264" ind1=" " ind2=" ">
         <marc:subfield code="a">[Philadelphia, Pennsylvania]: </marc:subfield>
         <marc:subfield code="b">Linguistic Data Consortium, </marc:subfield>
         <marc:subfield code="c">[2010]</marc:subfield>
      </marc:datafield>
      <marc:datafield tag="500" ind1=" " ind2=" ">
         <marc:subfield code="a">LDC2010S07</marc:subfield>
      </marc:datafield>
      <marc:datafield tag="500" ind1=" " ind2=" ">
         <marc:subfield code="a">https://catalog.ldc.upenn.edu/LDC2010S07</marc:subfield>
      </marc:datafield>
      <marc:datafield tag="520" ind1=" " ind2=" ">
         <marc:subfield code="a">*Introduction * The Linguistic Data Consortium (LDC) at the University of Pennsylvania distributes a wide and growing assortment of resources for researchers, engineers and educators whose work is concerned with human languages. Historically, most linguistic resources were not generally available to interested researchers but were restricted to single laboratories or to a limited number of users. Inspired by the success of selected, readily available and well-known data sets, such as the Brown University text corpus, LDC was founded in 1992 to provide a new mechanism for large-scale corpus development and sharing of resources. With the support of its members, LDC is able to provide critical services to the language research community. These services include: maintaining the data archives, producing and distributing data via media (DVD-ROM or CD-ROM) or web downloads, negotiating intellectual property agreements with data providers and maintaining relations with other like-minded groups around the world. Resources available from LDC (http://www.ldc.upenn.edu) include speech, text and video data and lexicons in multiple languages, as well as software tools to facilitate the use of corpus materials. For a complete view of LDCs publications, a searchable catalog is available at http://www.ldc.upenn.edu/Catalog/. *Data * The Asian Spoken Language Sampler provides a variety of speech and transcript samples from various corpora and is designed to illustrate the variety and breadth of the speech-related resources available from LDCs Catalog. Further information about each data set can be obtained by clicking the links in the table below. The sample files provided in this release have been modified in various ways relative to the original data as published by LDC: * most excerpts are truncated to be much shorter than the original files, excerpt duration is typically one minute and thirty seconds * signal amplitude has been adjusted where necessary to normalize playback volume * some corpora are published in compressed form, but all samples here are uncompressed * LDC frequently uses NIST SPHERE file format for audio data, but the audio files in this sampler have been converted to MS-WAV/audio (RIFF) file format for compatibility with typical browser audio utilities. 2005 NIST Language Recognition Evaluation The goal of the NIST Language Recognition Evaluation is to establish the baseline of current performance capability for language recognition of conversational telephone speech and to lay the groundwork for further research efforts in the field. 2007 NIST Language Recognition Evaluation Test Set The most significant differences between previous NIST evaluations and the 2007 task were the increased number of languages and dialects, the greater emph asis on a basic detection task for evaluation and the variety of evaluation conditions. ARL Urdu Speech Database, Training Data The ARL Urdu Speech Database is a collection of recorded speech from 200 adult native Urdu speakers from Pakistan and Northern India. CALLFRIEND Farsi A corpus of 60 unscripted telephone calls between friends and acquaintances speaking in their native language, Farsi. CALLFRIEND Tamil A corpus of 60 unscripted telephone calls between friends and acquaintances speaking in their native language, Tamil. CALLFRIEND Vietnamese A corpus of 60 unscripted telephone calls between friends and acquaintances speaking in their native language, Vietnamese. CALLHOME Japanese A corpus of 120 unscripted telephone conversations between native Japanese speakers and a corpus of associated transcripts. CALLHOME Mandarin Chinese Speech The Callhome Mandarin Chinese corpus of telephone speech consists of 120 unscripted telephone conversations between native speakers of Mandarin Chinese. JEIDA/JCSD-Channel 0 Mono Syllables This collection consists of high-fidelity recordings of 150 native speakers of Japanese each speaker produces four repetitions of 323 short prompts, including city names, control words, monosyllabic words, isolated digits and strings of four digits. Each reading session was recorded with two microphones. Korean Telephone Conversations Speech and Transcripts This publication consists of 100 telephone conversations, 49 of which were published in 1996 as Callfriend Korean, while the rest of 51 are previously unexposed calls. All 100 conversations have been transcribed. Mandarin Affective Speech Mandarin Affective Speech is a database of emotional speech consisting of audio recordings and corresponding transcripts collected in 2005 at the Advance Computing and System Laboratory, Zhejiang University. The speech database was recorded by eliciting speakers to express different emotional states in response to stimuli. Russian through Switched Telephone Network (RuSTeN) The purpose of the project was to develop software for automatic identification of speakers based on voice samples acquired through telephone channels. TDT4 Multilingual Broadcast News Speech Corpus This release contains the complete set of American English, Modern Standard Arabic and Mandarin Chinese broadcast news audio used in the 2002 and 2003 Topic Detection and Tracking technology evaluations. West Point Korean Speech West Point Korean Speech is a database of digital recordings of spoken Korean. The prompt scripts were created from 20,000 distinct sentences, along with a subset of prompts designed to elicit free response answers to questions for use in domain-specific translation systems. Fisher Levantine Arabic A collection of 279 Levantine Arabic telephone conversations and transcripts from speakers of several nationalities. Gulf Arabic Conversational Telephone Speech Contains 975 telephone conversations from speakers across the Persian Gulf region and their transcriptions. *How to Obtain the Sampler * The Asian Spoken Language Sampler may be downloaded freely. The sampler is a Gnu zipped tar file. Most compression utilities will readily extract the sampler. Download 28 mb</marc:subfield>
      </marc:datafield>
      <marc:datafield tag="546" ind1=" " ind2=" ">
         <marc:subfield code="a">Yue Chinese</marc:subfield>
      </marc:datafield>
      <marc:datafield tag="546" ind1=" " ind2=" ">
         <marc:subfield code="a">Vietnamese</marc:subfield>
      </marc:datafield>
      <marc:datafield tag="546" ind1=" " ind2=" ">
         <marc:subfield code="a">Urdu</marc:subfield>
      </marc:datafield>
      <marc:datafield tag="546" ind1=" " ind2=" ">
         <marc:subfield code="a">Tamil</marc:subfield>
      </marc:datafield>
      <marc:datafield tag="546" ind1=" " ind2=" ">
         <marc:subfield code="a">Russian</marc:subfield>
      </marc:datafield>
      <marc:datafield tag="546" ind1=" " ind2=" ">
         <marc:subfield code="a">Korean</marc:subfield>
      </marc:datafield>
      <marc:datafield tag="546" ind1=" " ind2=" ">
         <marc:subfield code="a">Japanese</marc:subfield>
      </marc:datafield>
      <marc:datafield tag="546" ind1=" " ind2=" ">
         <marc:subfield code="a">Hindi</marc:subfield>
      </marc:datafield>
      <marc:datafield tag="546" ind1=" " ind2=" ">
         <marc:subfield code="a">Persian</marc:subfield>
      </marc:datafield>
      <marc:datafield tag="546" ind1=" " ind2=" ">
         <marc:subfield code="a">Mandarin Chinese</marc:subfield>
      </marc:datafield>
      <marc:datafield tag="546" ind1=" " ind2=" ">
         <marc:subfield code="a">North Levantine Arabic</marc:subfield>
      </marc:datafield>
      <marc:datafield tag="546" ind1=" " ind2=" ">
         <marc:subfield code="a">South Levantine Arabic</marc:subfield>
      </marc:datafield>
      <marc:datafield tag="546" ind1=" " ind2=" ">
         <marc:subfield code="a">Gulf Arabic</marc:subfield>
      </marc:datafield>
      <marc:datafield tag="546" ind1=" " ind2=" ">
         <marc:subfield code="a">Dari</marc:subfield>
      </marc:datafield>
      <marc:datafield tag="546" ind1=" " ind2=" ">
         <marc:subfield code="a">Iranian Persian</marc:subfield>
      </marc:datafield>
      <marc:datafield tag="700" ind1="1" ind2="0">
         <marc:subfield code="a">Linguistic Data Consortium</marc:subfield>
      </marc:datafield>
   </marc:record>