
   <marc:record>
      <marc:leader>     nmm a22     3i 4500</marc:leader>
      <marc:controlfield tag="006">m     o  u        </marc:controlfield>
      <marc:controlfield tag="007">cu ||||||u||||</marc:controlfield>
      <marc:controlfield tag="008">      s2010    pau        u        mul d</marc:controlfield>
      <marc:datafield tag="020" ind1=" " ind2=" ">
         <marc:subfield code="a">1585635634</marc:subfield>
      </marc:datafield>
      <marc:datafield tag="024" ind1="8" ind2=" ">
         <marc:subfield code="a">LDC2010T18</marc:subfield>
      </marc:datafield>
      <marc:datafield tag="024" ind1="8" ind2=" ">
         <marc:subfield code="a">ISLRN: 719-248-950-383-6</marc:subfield>
      </marc:datafield>
      <marc:datafield tag="042" ind1=" " ind2=" ">
         <marc:subfield code="a">dc</marc:subfield>
      </marc:datafield>
      <marc:datafield tag="245" ind1="0" ind2="0">
         <marc:subfield code="a">ACE Time Normalization (TERN) 2004 English Evaluation Data V1.0</marc:subfield>
      </marc:datafield>
      <marc:datafield tag="264" ind1=" " ind2=" ">
         <marc:subfield code="a">[Philadelphia, Pennsylvania]: </marc:subfield>
         <marc:subfield code="b">Linguistic Data Consortium, </marc:subfield>
         <marc:subfield code="c">[2010]</marc:subfield>
      </marc:datafield>
      <marc:datafield tag="500" ind1=" " ind2=" ">
         <marc:subfield code="a">LDC2010T18</marc:subfield>
      </marc:datafield>
      <marc:datafield tag="500" ind1=" " ind2=" ">
         <marc:subfield code="a">https://catalog.ldc.upenn.edu/LDC2010T18</marc:subfield>
      </marc:datafield>
      <marc:datafield tag="520" ind1=" " ind2=" ">
         <marc:subfield code="a">*Introduction* ACE Time Normalization (TERN) 2004 English Evaluation Data V1.0, Linguistic Data Consortium (LDC) catalog number LDC2010T18 and isbn 1-58563-563-4, was developed by researchers at The MITRE Corporation. It contains the English evaluation data prepared for the 2004 Time Expression Recognition and Normalization (TERN) Evaluation, sponsored by the Automatic Content Extraction (ACE) program, specifically, English broadcast news and newswire data collected by LDC. The training data for this evaluation can be found in ACE Time Normalization (TERN) 2004 English Training Data v 1.0 LDC2005T07. The purpose of the TERN evaluation is to advance the state of the art in the automatic recognition and normalization of natural language temporal expressions. In most language contexts such expressions are indexical. For example, with "Monday," "last week," or "three months starting October 1," one must know the narrative reference time in order to pinpoint the time interval being conveyed by the expression. In addition, for data exchange purposes, it is essential that the identified interval be rendered according to an established standard, i.e., normalized. Accurate identification and normalization of temporal expressions are in turn essential for the temporal reasoning being demanded by advanced NLP applications such as question answering, information extraction and summarization. *Data* The data in this release is English broadcast transcripts and newswire material from TDT4 Multilingual Text and Annotations LDC2005T16. The annotation specifications for this corpus were developed under DARPA's Translingual Information Detection Extraction and Summarization (TIDES) program, with support from ACE. All files have been doubly-annotated by two separate annotators and then reconciled, using the TIDES 2003 Standard for the Annotation of Temporal Expressions (included in this release). The table below illustrates the number of words and documents by genre: Words Documents Broadcast news 26418 127 Newswire 28196 65 TOTAL 54614 192 *Samples* For an example of the data in this corpus, please review Sample 1 and Sample 2. Sample 1 depicts the source data files in sgml format and Sample 2 shows the annotated files, also in sgml format (*.tmx.sgml). *Updates* Additional information, updates, bug fixes may be available in the LDC catalog entry for this corpus at LDC2010T18.</marc:subfield>
      </marc:datafield>
      <marc:datafield tag="546" ind1=" " ind2=" ">
         <marc:subfield code="a">English</marc:subfield>
      </marc:datafield>
      <marc:datafield tag="655" ind1="7" ind2=" ">
         <marc:subfield code="a">Text</marc:subfield>
         <marc:subfield code="2">DCMI Type</marc:subfield>
      </marc:datafield>
      <marc:datafield tag="700" ind1="1" ind2="0">
         <marc:subfield code="a">Ferro, Lisa</marc:subfield>
      </marc:datafield>
      <marc:datafield tag="700" ind1="1" ind2="0">
         <marc:subfield code="a">Gerber, Laurie</marc:subfield>
      </marc:datafield>
      <marc:datafield tag="700" ind1="1" ind2="0">
         <marc:subfield code="a">Mani, Inderjeet</marc:subfield>
      </marc:datafield>
      <marc:datafield tag="700" ind1="1" ind2="0">
         <marc:subfield code="a">Sundheim, Beth</marc:subfield>
      </marc:datafield>
      <marc:datafield tag="700" ind1="1" ind2="0">
         <marc:subfield code="a">Wilson, George</marc:subfield>
      </marc:datafield>
   </marc:record>