
   <marc:record>
      <marc:leader>     nmm a22     3i 4500</marc:leader>
      <marc:controlfield tag="006">m     o  u        </marc:controlfield>
      <marc:controlfield tag="007">cu ||||||u||||</marc:controlfield>
      <marc:controlfield tag="008">      s2011    pau        u        mul d</marc:controlfield>
      <marc:datafield tag="020" ind1=" " ind2=" ">
         <marc:subfield code="a">1585635723</marc:subfield>
      </marc:datafield>
      <marc:datafield tag="024" ind1="8" ind2=" ">
         <marc:subfield code="a">LDC2011T01</marc:subfield>
      </marc:datafield>
      <marc:datafield tag="024" ind1="8" ind2=" ">
         <marc:subfield code="a">ISLRN: 365-198-419-802-6</marc:subfield>
      </marc:datafield>
      <marc:datafield tag="042" ind1=" " ind2=" ">
         <marc:subfield code="a">dc</marc:subfield>
      </marc:datafield>
      <marc:datafield tag="245" ind1="0" ind2="0">
         <marc:subfield code="a">SemEval-2010 Task 1 OntoNotes English: Coreference Resolution in Multiple Languages</marc:subfield>
      </marc:datafield>
      <marc:datafield tag="264" ind1=" " ind2=" ">
         <marc:subfield code="a">[Philadelphia, Pennsylvania]: </marc:subfield>
         <marc:subfield code="b">Linguistic Data Consortium, </marc:subfield>
         <marc:subfield code="c">[2011]</marc:subfield>
      </marc:datafield>
      <marc:datafield tag="500" ind1=" " ind2=" ">
         <marc:subfield code="a">LDC2011T01</marc:subfield>
      </marc:datafield>
      <marc:datafield tag="500" ind1=" " ind2=" ">
         <marc:subfield code="a">https://catalog.ldc.upenn.edu/LDC2011T01</marc:subfield>
      </marc:datafield>
      <marc:datafield tag="520" ind1=" " ind2=" ">
         <marc:subfield code="a">*Introduction* SemEval-2010 Task 1 OntoNotes English: Coreference Resolution in Multiple Languages, Linguistic Data Consortium (LDC) catalog number LDC2011T01 and isbn 1-58563-572-3, is a subset of OntoNotes Release 2.0 LDC2008T04 used in SemEval-2010 Task 1, Coreference Resolution in Multiple Languages. OntoNotes Release 2.0 consists of roughly 500,000 words of English broadcast and newswire data annotated with structural information (syntax and predicate argument structure) and shallow semantics (word sense linked to an ontology and coreference). This SemEval-2010 Task 1 release contains approximately 120,000 words extracted from the OntoNotes corpus and formatted for the SemEval task. SemEval (Semantic Evaluation) is an ongoing series of evaluations of computational semantic analysis systems. The goal of SemEval-2010 Task 1 was to evaluate and compare automatic coreference resolution systems for six languages (Catalan, Dutch, English, German, Italian and Spanish) in four evaluation settings using four metrics. Further information about Task 1 can be found on the task description website. The task organizers included researchers from Universitat de Barcelona (Spain), Universitat Politcnica de Catalunya (Spain), University of Essex (United Kingdom), Universita di Trento (Italy), Hogeschool Gent (Netherlands), University of Tbingen (Germany) and Stanford University (USA). *Data* The data is divided into three sets: the development set (*/data/en.devel.txt) which contains 39 documents, 741 sentences and 17,044 tokens; the training set (*/data/en.train.txt) which contains 229 documents, 3,648 sentences and 79,060 tokens; and the test set (*/data/en.test.txt) which contains 85 documents, 1,141 sentences and 24,206 tokens. The complete material for training systems is the sum of the development and training sets. Details of the SemEval task formatting applied to the data can be found in the documentation file, en.info.txt. *Scorer* The official scorer is available from the the task download page. *Updates* An update was issues on March 30th, 2012 for this corpus. A bug was fixed that caused one annotation error in every document. All data downloaded after this date will be the correct release. Contact ldc@ldc.upenn.edu with any questions. *Samples* For an example of the data in this publication, please review this text file excerpt.</marc:subfield>
      </marc:datafield>
      <marc:datafield tag="546" ind1=" " ind2=" ">
         <marc:subfield code="a">English</marc:subfield>
      </marc:datafield>
      <marc:datafield tag="655" ind1="7" ind2=" ">
         <marc:subfield code="a">Text</marc:subfield>
         <marc:subfield code="2">DCMI Type</marc:subfield>
      </marc:datafield>
      <marc:datafield tag="700" ind1="1" ind2="0">
         <marc:subfield code="a">Recasens, Marta</marc:subfield>
      </marc:datafield>
      <marc:datafield tag="700" ind1="1" ind2="0">
         <marc:subfield code="a">Marquez, Lluis</marc:subfield>
      </marc:datafield>
      <marc:datafield tag="700" ind1="1" ind2="0">
         <marc:subfield code="a">Sapena, Emili</marc:subfield>
      </marc:datafield>
      <marc:datafield tag="700" ind1="1" ind2="0">
         <marc:subfield code="a">Mart, M. Antnia</marc:subfield>
      </marc:datafield>
      <marc:datafield tag="700" ind1="1" ind2="0">
         <marc:subfield code="a">Taul, Mariona</marc:subfield>
      </marc:datafield>
   </marc:record>