
   <marc:record>
      <marc:leader>     nmm a22     3i 4500</marc:leader>
      <marc:controlfield tag="006">m     o  u        </marc:controlfield>
      <marc:controlfield tag="007">cu ||||||u||||</marc:controlfield>
      <marc:controlfield tag="008">      s2011    pau        u        mul d</marc:controlfield>
      <marc:datafield tag="020" ind1=" " ind2=" ">
         <marc:subfield code="a">1585635790</marc:subfield>
      </marc:datafield>
      <marc:datafield tag="024" ind1="8" ind2=" ">
         <marc:subfield code="a">LDC2011V03</marc:subfield>
      </marc:datafield>
      <marc:datafield tag="024" ind1="8" ind2=" ">
         <marc:subfield code="a">ISLRN: 330-650-936-529-4</marc:subfield>
      </marc:datafield>
      <marc:datafield tag="042" ind1=" " ind2=" ">
         <marc:subfield code="a">dc</marc:subfield>
      </marc:datafield>
      <marc:datafield tag="245" ind1="0" ind2="0">
         <marc:subfield code="a">NIST/USF Evaluation Resources for the VACE Program - Meeting Data Test Set Part 1</marc:subfield>
      </marc:datafield>
      <marc:datafield tag="264" ind1=" " ind2=" ">
         <marc:subfield code="a">[Philadelphia, Pennsylvania]: </marc:subfield>
         <marc:subfield code="b">Linguistic Data Consortium, </marc:subfield>
         <marc:subfield code="c">[2011]</marc:subfield>
      </marc:datafield>
      <marc:datafield tag="500" ind1=" " ind2=" ">
         <marc:subfield code="a">LDC2011V03</marc:subfield>
      </marc:datafield>
      <marc:datafield tag="500" ind1=" " ind2=" ">
         <marc:subfield code="a">https://catalog.ldc.upenn.edu/LDC2011V03</marc:subfield>
      </marc:datafield>
      <marc:datafield tag="520" ind1=" " ind2=" ">
         <marc:subfield code="a">*Introduction * NIST/USF Evaluation Resources for the VACE Program - Meeting Data Test Set Part 1, Linguistic Data Consortium (LDC) catalog number LDC2011V03 and isbn 1-58563-579-0, was developed by researchers at the Department of Computer Science and Engineering, University of South Florida (USF), Tampa, Florida and the Multimodal Information Group at the National Institute of Standards and Technology (NIST). It contains approximately eleven hours of meeting room video data collected in 2001 and 2002 at NISTs Meeting Data Collection Laboratory and used in the VACE (Video Analysis and Content Extraction) 2005 evaluation. The VACE program was established to develop novel algorithms for automatic video content extraction, multi-modal fusion, and event understanding. During VACE Phases I and II, the program made significant progress in the automated detection and tracking of moving objects including faces, hands, people, vehicles and text in four primary video domains: broadcast news, meetings, street surveillance, and unmanned aerial vehiclevmotion imagery. Initial results were also obtained on automaticvanalysis of human activities and understanding of video sequences. Three performance evaluations were conducted under the auspices of the VACE program between 2004 and 2007. The 2005 evaluation was administered by USF in collaboration with NIST and guided by an advisory forum including the evaluation participants. A summary of results of the evaluation can be found in the 2005 VACE results and analysis paper included in this release. *Data * NISTs Meeting Data Collection Laboratory is designed to collect corpora to support research, development and evaluation in meeting recognition technologies. It is equipped to look and sound like a conventional meeting space. The data collection facility includes five Sony EV1-D30 video cameras, four of which have stationary views of a center conference table (one view from each surrounding wall) with a fixed focus and viewing angle, and an addtional floating camera which is used to focus on particular participants, whiteboard or conference table depending on the meeting forum. The data is captured in a NIST-internal file format. The video data was extracted from the NIST format and encoded using the MPEG-2 standard in NTSC format. Further information concerning the video data parameters can found in the documentation included with this corpus. *Tools * The VACE evaluation tools have been integrated into NISTs downloadable Framework for Detection Evaluation (F4DE) Toolkit. The toolkit contains small example files for each of the task/object/domain scoring combinations. *Updates * Additional information, updates, bug fixes may be available in the LDC catalog entry for this corpus at LDC2011V03. *Samples* This video excerpt(mpeg) provides an example of the data contained in this corpus.</marc:subfield>
      </marc:datafield>
      <marc:datafield tag="546" ind1=" " ind2=" ">
         <marc:subfield code="a">English</marc:subfield>
      </marc:datafield>
      <marc:datafield tag="655" ind1="7" ind2=" ">
         <marc:subfield code="a">MovingImage</marc:subfield>
         <marc:subfield code="2">DCMI Type</marc:subfield>
      </marc:datafield>
      <marc:datafield tag="700" ind1="1" ind2="0">
         <marc:subfield code="a">Kasturi, Rangachar</marc:subfield>
      </marc:datafield>
      <marc:datafield tag="700" ind1="1" ind2="0">
         <marc:subfield code="a">Goldgof, Dmitry</marc:subfield>
      </marc:datafield>
      <marc:datafield tag="700" ind1="1" ind2="0">
         <marc:subfield code="a">Manohar, Vasant</marc:subfield>
      </marc:datafield>
      <marc:datafield tag="700" ind1="1" ind2="0">
         <marc:subfield code="a">Soundararajan, Padmanabhan</marc:subfield>
      </marc:datafield>
      <marc:datafield tag="700" ind1="1" ind2="0">
         <marc:subfield code="a">Garofolo, John S.</marc:subfield>
      </marc:datafield>
      <marc:datafield tag="700" ind1="1" ind2="0">
         <marc:subfield code="a">Bowers, Rachel</marc:subfield>
      </marc:datafield>
      <marc:datafield tag="700" ind1="1" ind2="0">
         <marc:subfield code="a">Rose, Travis</marc:subfield>
      </marc:datafield>
      <marc:datafield tag="700" ind1="1" ind2="0">
         <marc:subfield code="a">Fiscus, Jonathan G.</marc:subfield>
      </marc:datafield>
      <marc:datafield tag="700" ind1="1" ind2="0">
         <marc:subfield code="a">Michel, Martial</marc:subfield>
      </marc:datafield>
   </marc:record>