
   <marc:record>
      <marc:leader>     nmm a22     3i 4500</marc:leader>
      <marc:controlfield tag="006">m     o  u        </marc:controlfield>
      <marc:controlfield tag="007">cu ||||||u||||</marc:controlfield>
      <marc:controlfield tag="008">      s2011    pau        u        mul d</marc:controlfield>
      <marc:datafield tag="020" ind1=" " ind2=" ">
         <marc:subfield code="a">1585635804</marc:subfield>
      </marc:datafield>
      <marc:datafield tag="024" ind1="8" ind2=" ">
         <marc:subfield code="a">LDC2011S01</marc:subfield>
      </marc:datafield>
      <marc:datafield tag="024" ind1="8" ind2=" ">
         <marc:subfield code="a">ISLRN: 778-313-260-404-1</marc:subfield>
      </marc:datafield>
      <marc:datafield tag="042" ind1=" " ind2=" ">
         <marc:subfield code="a">dc</marc:subfield>
      </marc:datafield>
      <marc:datafield tag="245" ind1="0" ind2="0">
         <marc:subfield code="a">2005 NIST Speaker Recognition Evaluation Training Data</marc:subfield>
      </marc:datafield>
      <marc:datafield tag="264" ind1=" " ind2=" ">
         <marc:subfield code="a">[Philadelphia, Pennsylvania]: </marc:subfield>
         <marc:subfield code="b">Linguistic Data Consortium, </marc:subfield>
         <marc:subfield code="c">[2011]</marc:subfield>
      </marc:datafield>
      <marc:datafield tag="500" ind1=" " ind2=" ">
         <marc:subfield code="a">LDC2011S01</marc:subfield>
      </marc:datafield>
      <marc:datafield tag="500" ind1=" " ind2=" ">
         <marc:subfield code="a">https://catalog.ldc.upenn.edu/LDC2011S01</marc:subfield>
      </marc:datafield>
      <marc:datafield tag="520" ind1=" " ind2=" ">
         <marc:subfield code="a">*Introduction * 2005 NIST Speaker Recognition Evaluation Training Data, Linguistic Data Consortium (LDC) catalog number LDC2011S01 and isbn 1-58563-579-0, was developed at LDC and NIST (National Institute of Standards and Technology). It consists of 392 hours of conversational telephone speech in English, Arabic, Mandarin Chinese, Russian and Spanish and associated English transcripts used as training data in the NIST-sponsored 2005 Speaker Recognition Evaluation (SRE). The ongoing series of SRE yearly evaluations conducted by NIST are intended to be of interest to researchers working on the general problem of text independent speaker recognition. To that end the evaluations are designed to be simple, to focus on core technology issues, to be fully supported and to be accessible to those wishing to participate. The task of the 2005 SRE evaluation was speaker detection, that is, to determine whether a specified speaker is speaking during a given segment of conversational speech. The task was divided into 20 distinct and separate tests involving one of five training conditions and one of four test conditions. Further information about the task conditions is contained in the The NIST Year 2005 Speaker Recognition Evaluation Plan. *Data * The speech data consists of conversational telephone speech with multi-channel data collected simultaneously from a number of auxiliary microphones. The files are organized into two segments: 10 second two-channel excerpts (continuous segments from single conversations that are estimated to contain approximately 10 seconds of actual speech in the channel of interest) and 5 minute two-channel conversations. The speech files are stored as 8-bit u-law speech signals in separate SPHERE files. In addition to the standard header fields, the SPHERE header for each file contains some auxiliary information that includes the language of the conversation and whether the data was recorded over a telephone line. English language word transcripts in .cmt format were produced using an automatic speech recognition system (ASR)with error rates in the range of 15-30%. *Samples* For an example of the data contained in this corpus, review this audio sample.</marc:subfield>
      </marc:datafield>
      <marc:datafield tag="546" ind1=" " ind2=" ">
         <marc:subfield code="a">Spanish</marc:subfield>
      </marc:datafield>
      <marc:datafield tag="546" ind1=" " ind2=" ">
         <marc:subfield code="a">Russian</marc:subfield>
      </marc:datafield>
      <marc:datafield tag="546" ind1=" " ind2=" ">
         <marc:subfield code="a">English</marc:subfield>
      </marc:datafield>
      <marc:datafield tag="546" ind1=" " ind2=" ">
         <marc:subfield code="a">Mandarin Chinese</marc:subfield>
      </marc:datafield>
      <marc:datafield tag="546" ind1=" " ind2=" ">
         <marc:subfield code="a">Arabic</marc:subfield>
      </marc:datafield>
      <marc:datafield tag="655" ind1="7" ind2=" ">
         <marc:subfield code="a">Sound</marc:subfield>
         <marc:subfield code="2">DCMI Type</marc:subfield>
      </marc:datafield>
      <marc:datafield tag="700" ind1="1" ind2="0">
         <marc:subfield code="a">NIST Multimodal Information Group</marc:subfield>
      </marc:datafield>
   </marc:record>