
   <marc:record>
      <marc:leader>     nmm a22     3i 4500</marc:leader>
      <marc:controlfield tag="006">m     o  u        </marc:controlfield>
      <marc:controlfield tag="007">cu ||||||u||||</marc:controlfield>
      <marc:controlfield tag="008">      s2011    pau        u        mul d</marc:controlfield>
      <marc:datafield tag="020" ind1=" " ind2=" ">
         <marc:subfield code="a">1585635812</marc:subfield>
      </marc:datafield>
      <marc:datafield tag="024" ind1="8" ind2=" ">
         <marc:subfield code="a">LDC2011T07</marc:subfield>
      </marc:datafield>
      <marc:datafield tag="024" ind1="8" ind2=" ">
         <marc:subfield code="a">ISLRN: 911-942-430-413-0</marc:subfield>
      </marc:datafield>
      <marc:datafield tag="042" ind1=" " ind2=" ">
         <marc:subfield code="a">dc</marc:subfield>
      </marc:datafield>
      <marc:datafield tag="245" ind1="0" ind2="0">
         <marc:subfield code="a">English Gigaword Fifth Edition</marc:subfield>
      </marc:datafield>
      <marc:datafield tag="264" ind1=" " ind2=" ">
         <marc:subfield code="a">[Philadelphia, Pennsylvania]: </marc:subfield>
         <marc:subfield code="b">Linguistic Data Consortium, </marc:subfield>
         <marc:subfield code="c">[2011]</marc:subfield>
      </marc:datafield>
      <marc:datafield tag="500" ind1=" " ind2=" ">
         <marc:subfield code="a">LDC2011T07</marc:subfield>
      </marc:datafield>
      <marc:datafield tag="500" ind1=" " ind2=" ">
         <marc:subfield code="a">https://catalog.ldc.upenn.edu/LDC2011T07</marc:subfield>
      </marc:datafield>
      <marc:datafield tag="520" ind1=" " ind2=" ">
         <marc:subfield code="a">*Introduction* English Gigaword Fifth Edition, Linguistic Data Consortium (LDC) catalog number LDC2011T07 and isbn 1-58563-515-4, is a comprehensive archive of newswire text data that has been acquired over several years by the LDC at the University of Pennsylvania. The fifth edition includes all of the contents in English Gigaword Fourth Edition (LDC2009T13) plus new data covering the 24-month period of January 2009 through December 2010. The seven distinct international sources of English newswire included in this edition are the following: * Agence France-Presse, English Service (afp_eng) * Associated Press Worldstream, English Service (apw_eng) * Central News Agency of Taiwan, English Service (cna_eng) * Los Angeles Times/Washington Post Newswire Service (ltw_eng) * Washington Post/Bloomberg Newswire Service (wpb_eng) * New York Times Newswire Service (nyt_eng) * Xinhua News Agency, English Service (xin_eng) The seven letter codes in the parentheses above include the three-character source name abbreviations and the three-character langauge code (eng) separated by an underscore (_) character. The three-letter language code conforms to LDCs internal convention based on the ISO 639-3 standard. *Data* The following table sets forth the overall totals for each source. Note that Total-MB refers to the quantity of date when unzipped (approximately 26 gigabytes), Gzip-MB refers to compressed file sizes as stored on the DVD-ROMs and K-wrds refers to the number of whitespace-separated tokens (of all types) after all SGML tags are eliminated: Source #Files Gzip-MB Totl-MB K-wrds #DOCs afp_eng 146 1732 4937 738322 2479624 apw_eng 193 2700 7889 1186955 3107777 cna_eng 144 86 261 38491 145317 ltw_eng 127 651 1694 268088 411032 nyt_eng 197 3280 8938 1422670 1962178 wpb_eng 12 42 111 17462 26143 xin_eng 191 834 2518 360714 1744025 TOTAL 1010 9325 26348 4032686 9876086 *Sponsorship* This work was supported in part by the Defense Advanced Research Projects Agency, GALE Program Grant No. HR0011-06-1-0003. The content of this publication does not necessarily reflect the position or policy of the Government, and no official endorsement should be inferred. *Samples* For an example of the data in this corpus, please review this sample.</marc:subfield>
      </marc:datafield>
      <marc:datafield tag="546" ind1=" " ind2=" ">
         <marc:subfield code="a">English</marc:subfield>
      </marc:datafield>
      <marc:datafield tag="655" ind1="7" ind2=" ">
         <marc:subfield code="a">Text</marc:subfield>
         <marc:subfield code="2">DCMI Type</marc:subfield>
      </marc:datafield>
      <marc:datafield tag="700" ind1="1" ind2="0">
         <marc:subfield code="a">Parker, Robert</marc:subfield>
      </marc:datafield>
      <marc:datafield tag="700" ind1="1" ind2="0">
         <marc:subfield code="a">Graff, David</marc:subfield>
      </marc:datafield>
      <marc:datafield tag="700" ind1="1" ind2="0">
         <marc:subfield code="a">Kong, Junbo</marc:subfield>
      </marc:datafield>
      <marc:datafield tag="700" ind1="1" ind2="0">
         <marc:subfield code="a">Chen, Ke</marc:subfield>
      </marc:datafield>
      <marc:datafield tag="700" ind1="1" ind2="0">
         <marc:subfield code="a">Maeda, Kazuaki</marc:subfield>
      </marc:datafield>
   </marc:record>