
   <marc:record>
      <marc:leader>     nmm a22     3i 4500</marc:leader>
      <marc:controlfield tag="006">m     o  u        </marc:controlfield>
      <marc:controlfield tag="007">cu ||||||u||||</marc:controlfield>
      <marc:controlfield tag="008">      s2011    pau        u        mul d</marc:controlfield>
      <marc:datafield tag="020" ind1=" " ind2=" ">
         <marc:subfield code="a">1585635863</marc:subfield>
      </marc:datafield>
      <marc:datafield tag="024" ind1="8" ind2=" ">
         <marc:subfield code="a">LDC2011S04</marc:subfield>
      </marc:datafield>
      <marc:datafield tag="024" ind1="8" ind2=" ">
         <marc:subfield code="a">ISLRN: 276-308-572-849-9</marc:subfield>
      </marc:datafield>
      <marc:datafield tag="042" ind1=" " ind2=" ">
         <marc:subfield code="a">dc</marc:subfield>
      </marc:datafield>
      <marc:datafield tag="245" ind1="0" ind2="0">
         <marc:subfield code="a">2005 NIST Speaker Recognition Evaluation Test Data</marc:subfield>
      </marc:datafield>
      <marc:datafield tag="264" ind1=" " ind2=" ">
         <marc:subfield code="a">[Philadelphia, Pennsylvania]: </marc:subfield>
         <marc:subfield code="b">Linguistic Data Consortium, </marc:subfield>
         <marc:subfield code="c">[2011]</marc:subfield>
      </marc:datafield>
      <marc:datafield tag="500" ind1=" " ind2=" ">
         <marc:subfield code="a">LDC2011S04</marc:subfield>
      </marc:datafield>
      <marc:datafield tag="500" ind1=" " ind2=" ">
         <marc:subfield code="a">https://catalog.ldc.upenn.edu/LDC2011S04</marc:subfield>
      </marc:datafield>
      <marc:datafield tag="520" ind1=" " ind2=" ">
         <marc:subfield code="a">*Introduction * NIST 2005 Speaker Recognition Evaluation Test Data, Linguistic Data Consortium (LDC) catalog number LDC2011S04 and isbn 1-58563-586-3, was developed at LDC and NIST (National Institute of Standards and Technology). It consists of 525 hours of conversational telephone speech in English, Arabic, Mandarin Chinese, Russian and Spanish and associated English transcripts used as test data in the NIST-sponsored 2005 Speaker Recognition Evaluation (SRE). The ongoing series of SRE yearly evaluations conducted by NIST are intended to be of interest to researchers working on the general problem of text independent speaker recognition. To that end the evaluations are designed to be simple, to focus on core technology issues, to be fully supported and accessible. The task of the 2005 SRE evaluation was speaker detection, that is, to determine whether a specified speaker is speaking during a given segment of conversational speech. The task was divided into 20 distinct and separate tests involving one of five training conditions and one of four test conditions. Further information about the task conditions is contained in the The NIST Year 2005 Speaker Recognition Evaluation Plan. The training data for the 2005 evaluation is available in NIST 2005 Speaker Recognition Evaluation Training Data LDC2011S01. *Data * The speech data consists of conversational telephone speech with multi-channel data collected by LDC simultaneously from a number of auxiliary microphones. The files are organized into two segments: 10 second two-channel excerpts (continuous segments from single conversations that are estimated to contain approximately 10 seconds of actual speech in the channel of interest) and 5 minute two-channel conversations. The data are stored as 8-bit u-law speech signals in NIST SPHERE format. In addition to the standard header fields, the SPHERE header for each file contains some auxiliary information that includes the language of the conversation and whether the data was recorded over a telephone line. English language word transcripts in .cmt format were produced using an automatic speech recognition system (ASR) with error rates in the range of 15-30%. *Samples* For an example of the data contained in this corpus, review this audio sample. *Updates* Trials files for the 2005 SRE evaluation were added Jan. 05, 2012 in the LDC2011S04U01 update. These files define the various evaluation tests, with one file for each trial in the evaluation. The index.html and file.tbl files were also updated. All copies of LDC2011S04 ordered after Jan. 05, 2012 should contain those updates. Please contact ldc@ldc.upenn.edu with any questions.</marc:subfield>
      </marc:datafield>
      <marc:datafield tag="546" ind1=" " ind2=" ">
         <marc:subfield code="a">Spanish</marc:subfield>
      </marc:datafield>
      <marc:datafield tag="546" ind1=" " ind2=" ">
         <marc:subfield code="a">Russian</marc:subfield>
      </marc:datafield>
      <marc:datafield tag="546" ind1=" " ind2=" ">
         <marc:subfield code="a">English</marc:subfield>
      </marc:datafield>
      <marc:datafield tag="546" ind1=" " ind2=" ">
         <marc:subfield code="a">Mandarin Chinese</marc:subfield>
      </marc:datafield>
      <marc:datafield tag="546" ind1=" " ind2=" ">
         <marc:subfield code="a">Arabic</marc:subfield>
      </marc:datafield>
      <marc:datafield tag="655" ind1="7" ind2=" ">
         <marc:subfield code="a">Sound</marc:subfield>
         <marc:subfield code="2">DCMI Type</marc:subfield>
      </marc:datafield>
      <marc:datafield tag="700" ind1="1" ind2="0">
         <marc:subfield code="a">NIST Multimodal Information Group</marc:subfield>
      </marc:datafield>
   </marc:record>