
   <marc:record>
      <marc:leader>     nmm a22     3i 4500</marc:leader>
      <marc:controlfield tag="006">m     o  u        </marc:controlfield>
      <marc:controlfield tag="007">cu ||||||u||||</marc:controlfield>
      <marc:controlfield tag="008">      s2011    pau        u        mul d</marc:controlfield>
      <marc:datafield tag="020" ind1=" " ind2=" ">
         <marc:subfield code="a">1585635979</marc:subfield>
      </marc:datafield>
      <marc:datafield tag="024" ind1="8" ind2=" ">
         <marc:subfield code="a">LDC2011S09</marc:subfield>
      </marc:datafield>
      <marc:datafield tag="024" ind1="8" ind2=" ">
         <marc:subfield code="a">ISLRN: 182-553-395-072-4</marc:subfield>
      </marc:datafield>
      <marc:datafield tag="042" ind1=" " ind2=" ">
         <marc:subfield code="a">dc</marc:subfield>
      </marc:datafield>
      <marc:datafield tag="245" ind1="0" ind2="0">
         <marc:subfield code="a">2006 NIST Speaker Recognition Evaluation Training Set</marc:subfield>
      </marc:datafield>
      <marc:datafield tag="264" ind1=" " ind2=" ">
         <marc:subfield code="a">[Philadelphia, Pennsylvania]: </marc:subfield>
         <marc:subfield code="b">Linguistic Data Consortium, </marc:subfield>
         <marc:subfield code="c">[2011]</marc:subfield>
      </marc:datafield>
      <marc:datafield tag="500" ind1=" " ind2=" ">
         <marc:subfield code="a">LDC2011S09</marc:subfield>
      </marc:datafield>
      <marc:datafield tag="500" ind1=" " ind2=" ">
         <marc:subfield code="a">https://catalog.ldc.upenn.edu/LDC2011S09</marc:subfield>
      </marc:datafield>
      <marc:datafield tag="520" ind1=" " ind2=" ">
         <marc:subfield code="a">*Introduction* 2006 NIST Speaker Recognition Evaluation Training Set was developed by LDC and NIST (National Institute of Standards and Technology). It contains 595 hours of conversational telephone speech in English, Arabic, Bengali, Chinese, Hindi, Korean, Russian, Thai and Urdu and associated English transcripts used as training data in the NIST-sponsored 2006 Speaker Recognition Evaluation (SRE). The ongoing series of SRE yearly evaluations conducted by NIST are intended to be of interest to researchers working on the general problem of text independent speaker recognition. To this end the evaluations are designed to be simple, to focus on core technology issues, to be fully supported and to be accessible to those wishing to participate. The task of the 2006 SRE evaluation was speaker detection, that is, to determine whether a specified speaker is speaking during a given segment of conversational telephone speech. The task was divided into 15 distinct and separate tests involving one of five training conditions and one of four test conditions. Further information about the test conditions and additional documentation is available at the NIST web site for the 2006 SRE and within the 2006 SRE Evaluation Plan. *Data* The speech data in this release was collected by LDC as part of the Mixer project, in particular Mixer Phases 1, 2 and 3. The Mixer project supports the development of robust speaker recognition technology by providing carefully collected and audited speech from a large pool of speakers recorded simultaneously across numerous microphones and in different communicative situations and/or in multiple languages. The data is mostly English speech, but includes some speech in Arabic, Bengali, Chinese, Hindi, Korean, Russian, Thai and Urdu. The telephone speech segments are multi-channel data collected simultaneously from a number of auxiliary microphones. The files are organized into three types: two-channel excerpts of approximately 10 seconds, two-channel conversations of approximately 5 minutes and summed-channel conversations also of approximately 5 minutes. The speech files are stored as 8-bit u-law speech signals in separate SPHERE files. In addition to the standard header fields, the SPHERE header for each file contains some auxiliary information that includes the language of the conversation and whether the data was recorded over a telephone line. English language transcripts in .ctm format were produced using an automatic speech recognition (ASR) system. *Samples* For an example of the data contained in this corpus, review this audio sample. *Updates* None at this time.</marc:subfield>
      </marc:datafield>
      <marc:datafield tag="546" ind1=" " ind2=" ">
         <marc:subfield code="a">Yue Chinese</marc:subfield>
      </marc:datafield>
      <marc:datafield tag="546" ind1=" " ind2=" ">
         <marc:subfield code="a">Urdu</marc:subfield>
      </marc:datafield>
      <marc:datafield tag="546" ind1=" " ind2=" ">
         <marc:subfield code="a">Thai</marc:subfield>
      </marc:datafield>
      <marc:datafield tag="546" ind1=" " ind2=" ">
         <marc:subfield code="a">Russian</marc:subfield>
      </marc:datafield>
      <marc:datafield tag="546" ind1=" " ind2=" ">
         <marc:subfield code="a">Korean</marc:subfield>
      </marc:datafield>
      <marc:datafield tag="546" ind1=" " ind2=" ">
         <marc:subfield code="a">Hindi</marc:subfield>
      </marc:datafield>
      <marc:datafield tag="546" ind1=" " ind2=" ">
         <marc:subfield code="a">English</marc:subfield>
      </marc:datafield>
      <marc:datafield tag="546" ind1=" " ind2=" ">
         <marc:subfield code="a">Mandarin Chinese</marc:subfield>
      </marc:datafield>
      <marc:datafield tag="546" ind1=" " ind2=" ">
         <marc:subfield code="a">Bengali</marc:subfield>
      </marc:datafield>
      <marc:datafield tag="546" ind1=" " ind2=" ">
         <marc:subfield code="a">Standard Arabic</marc:subfield>
      </marc:datafield>
      <marc:datafield tag="546" ind1=" " ind2=" ">
         <marc:subfield code="a">Chinese</marc:subfield>
      </marc:datafield>
      <marc:datafield tag="546" ind1=" " ind2=" ">
         <marc:subfield code="a">Arabic</marc:subfield>
      </marc:datafield>
      <marc:datafield tag="655" ind1="7" ind2=" ">
         <marc:subfield code="a">Sound</marc:subfield>
         <marc:subfield code="2">DCMI Type</marc:subfield>
      </marc:datafield>
      <marc:datafield tag="700" ind1="1" ind2="0">
         <marc:subfield code="a">NIST Multimodal Information Group</marc:subfield>
      </marc:datafield>
   </marc:record>