
   <marc:record>
      <marc:leader>     nmm a22     3i 4500</marc:leader>
      <marc:controlfield tag="006">m     o  u        </marc:controlfield>
      <marc:controlfield tag="007">cu ||||||u||||</marc:controlfield>
      <marc:controlfield tag="008">      s2012    pau        u        mul d</marc:controlfield>
      <marc:datafield tag="020" ind1=" " ind2=" ">
         <marc:subfield code="a">1585636088</marc:subfield>
      </marc:datafield>
      <marc:datafield tag="024" ind1="8" ind2=" ">
         <marc:subfield code="a">LDC2012S05</marc:subfield>
      </marc:datafield>
      <marc:datafield tag="024" ind1="8" ind2=" ">
         <marc:subfield code="a">ISLRN: 288-567-224-925-6</marc:subfield>
      </marc:datafield>
      <marc:datafield tag="042" ind1=" " ind2=" ">
         <marc:subfield code="a">dc</marc:subfield>
      </marc:datafield>
      <marc:datafield tag="245" ind1="0" ind2="0">
         <marc:subfield code="a">USC-SFI MALACH Interviews and Transcripts English</marc:subfield>
      </marc:datafield>
      <marc:datafield tag="264" ind1=" " ind2=" ">
         <marc:subfield code="a">[Philadelphia, Pennsylvania]: </marc:subfield>
         <marc:subfield code="b">Linguistic Data Consortium, </marc:subfield>
         <marc:subfield code="c">[2012]</marc:subfield>
      </marc:datafield>
      <marc:datafield tag="500" ind1=" " ind2=" ">
         <marc:subfield code="a">LDC2012S05</marc:subfield>
      </marc:datafield>
      <marc:datafield tag="500" ind1=" " ind2=" ">
         <marc:subfield code="a">https://catalog.ldc.upenn.edu/LDC2012S05</marc:subfield>
      </marc:datafield>
      <marc:datafield tag="520" ind1=" " ind2=" ">
         <marc:subfield code="a">*Introduction* USC-SFI MALACH Interviews and Transcripts English, LDC Catalog Number LDC2012S05 and ISBN 1-58563-602-9, was developed by The University of Southern California Shoah Foundation Institute (USC-SFI), the University of Maryland, IBM and Johns Hopkins University as part of the MALACH (Multilingual Access to Large Spoken ArCHives) Project. It contains approximately 375 hours of interviews from 784 interviewees along with transcripts and other documentation. Inspired by his experience making Schindlers List, Steven Spielberg established the Survivors of the Shoah Visual History Foundation in 1994 to gather video testimonies from survivors and other witnesses of the Holocaust. While most of those who gave testimony were Jewish survivors, the Foundation also interviewed homosexual survivors, Jehovah Witness survivors, liberators and liberation witnesses, political prisoners, rescuers and aid providers, Roma and Sinti (Gypsy) survivors, survivors of eugenics policies, and war crimes trials participants. Within several years, the Foundations Visual History Archive held nearly 52,000 video testimonies in 32 languages representing 56 countries. It is the largest archive of its kind in the world. In 2006, the Foundation became part of the Dana and David Dornsife College of Letters, Arts and Sciences at the University of Southern California in Los Angeles and was renamed as the USC Shoah Foundation Institute for Visual History and Education. The goal of the MALACH project was to develop methods for improved access to large multinational spoken archives. The focus was advancing the state of the art of automatic speech recognition (ASR) and information retrieval. The characteristics of the USC-SFI collection -- unconstrained, natural speech filled with disfluencies, heavy accents, age-related coarticulations, un-cued speaker and language switching and emotional speech -- were considered well-suited for that task. The work centered on five languages: English, Czech, Russian, Polish and Slovak. USC-SFI MALACH Interviews and Transcripts English was developed for the English speech recognition experiments. *Data* The speech data in this release was collected beginning in 1994 under a wide variety of conditions ranging from quiet to noisy (e.g., airplane overflights, wind noise, background conversations and highway noise). Original interviews were recorded on Sony Beta SP tapes, then digitized into a 3 MB/s MPEG-1 stream with 128 kb/s (44 kHz) stereo audio. The sound files in this release are compressed in MP3 format at a sampling frequency of 44.1 kHz. Approximately 25,000 of all USC-SFI collected interviews are in English and average approximately 2.5 hours each. The 784 interviews included in this release are each a 30 minute section of the corresponding larger interview. Due to the way the original interviews were arranged on the tapes, some interviews are clipped and have a duration of less than 30 minutes. Certain interviews include speech from family members in addition to that of the subject and the interviewer. Accordingly, the corpus contains speech from more than 784 speakers, who are more or less equally distributed between males and females. The interviews also include accented speech over a wide range (e.g., Hungarian, Italian, Yiddish, German and Polish). This release includes transcripts in .trs format of the first 15 minutes of each interview. The transcripts were created using Transcriber 1.5.1 and later modified. *Samples* For a sample of the audio in this release, use this link. *Updates* None at this time.</marc:subfield>
      </marc:datafield>
      <marc:datafield tag="546" ind1=" " ind2=" ">
         <marc:subfield code="a">English</marc:subfield>
      </marc:datafield>
      <marc:datafield tag="655" ind1="7" ind2=" ">
         <marc:subfield code="a">Sound</marc:subfield>
         <marc:subfield code="2">DCMI Type</marc:subfield>
      </marc:datafield>
      <marc:datafield tag="700" ind1="1" ind2="0">
         <marc:subfield code="a">Ramabhadran, Bhuvana</marc:subfield>
      </marc:datafield>
      <marc:datafield tag="700" ind1="1" ind2="0">
         <marc:subfield code="a">Gustman, Samuel</marc:subfield>
      </marc:datafield>
      <marc:datafield tag="700" ind1="1" ind2="0">
         <marc:subfield code="a">Byrne, William</marc:subfield>
      </marc:datafield>
      <marc:datafield tag="700" ind1="1" ind2="0">
         <marc:subfield code="a">Haji, Jan</marc:subfield>
      </marc:datafield>
      <marc:datafield tag="700" ind1="1" ind2="0">
         <marc:subfield code="a">Oard, Douglas</marc:subfield>
      </marc:datafield>
      <marc:datafield tag="700" ind1="1" ind2="0">
         <marc:subfield code="a">Olsson, J. Scott</marc:subfield>
      </marc:datafield>
      <marc:datafield tag="700" ind1="1" ind2="0">
         <marc:subfield code="a">Picheny, Michael</marc:subfield>
      </marc:datafield>
      <marc:datafield tag="700" ind1="1" ind2="0">
         <marc:subfield code="a">Psutka, Josef</marc:subfield>
      </marc:datafield>
   </marc:record>