
   <marc:record>
      <marc:leader>     nmm a22     3i 4500</marc:leader>
      <marc:controlfield tag="006">m     o  u        </marc:controlfield>
      <marc:controlfield tag="007">cu ||||||u||||</marc:controlfield>
      <marc:controlfield tag="008">      s2012    pau        u        mul d</marc:controlfield>
      <marc:datafield tag="020" ind1=" " ind2=" ">
         <marc:subfield code="a">1585636096</marc:subfield>
      </marc:datafield>
      <marc:datafield tag="024" ind1="8" ind2=" ">
         <marc:subfield code="a">LDC2012V01</marc:subfield>
      </marc:datafield>
      <marc:datafield tag="024" ind1="8" ind2=" ">
         <marc:subfield code="a">ISLRN: 398-730-015-144-2</marc:subfield>
      </marc:datafield>
      <marc:datafield tag="042" ind1=" " ind2=" ">
         <marc:subfield code="a">dc</marc:subfield>
      </marc:datafield>
      <marc:datafield tag="245" ind1="0" ind2="0">
         <marc:subfield code="a">2005 NIST/USF Evaluation Resources for the VACE Program - Broadcast News</marc:subfield>
      </marc:datafield>
      <marc:datafield tag="264" ind1=" " ind2=" ">
         <marc:subfield code="a">[Philadelphia, Pennsylvania]: </marc:subfield>
         <marc:subfield code="b">Linguistic Data Consortium, </marc:subfield>
         <marc:subfield code="c">[2012]</marc:subfield>
      </marc:datafield>
      <marc:datafield tag="500" ind1=" " ind2=" ">
         <marc:subfield code="a">LDC2012V01</marc:subfield>
      </marc:datafield>
      <marc:datafield tag="500" ind1=" " ind2=" ">
         <marc:subfield code="a">https://catalog.ldc.upenn.edu/LDC2012V01</marc:subfield>
      </marc:datafield>
      <marc:datafield tag="520" ind1=" " ind2=" ">
         <marc:subfield code="a">*Introduction* 2005 NIST/USF Evaluation Resources for the VACE Program - Broadcast News was developed by researchers at the Department of Computer Science and Engineering, University of South Florida (USF), Tampa, Florida and the Multimodal Information Group at the National Institute of Standards and Technology (NIST). It contains approximately 60 hours of English broadcast news video data collected by LDC in 1998 and annotated for the 2005 VACE (Video Analysis and Content Extraction) tasks. The tasks covered by the broadcast news domain were human face (FDT) tracking, text strings (TDT) (glyphs rendered within the video image for the text object detection and tracking task) and word level text strings (TDT_Word_Level) (videotext OCR task). The VACE program was established to develop novel algorithms for automatic video content extraction, multi-modal fusion, and event understanding. During VACE Phases I and II, the program made significant progress in the automated detection and tracking of moving objects including faces, hands, people, vehicles and text in four primary video domains: broadcast news, meetings, street surveillance, and unmanned aerial vehicle motion imagery. Initial results were also obtained on automatic analysis of human activities and understanding of video sequences. Three performance evaluations were conducted under the auspices of the VACE program between 2004 and 2007. The 2005 evaluation was administered by USF in collaboration with NIST and guided by an advisory forum including the evaluation participants. LDC has previously released: * NIST/USF Evaluation Resources for the VACE Program -- Meeting Data Training Set Part 1 LDC2011V01 * NIST/USF Evaluation Resources for the VACE Program -- Meeting Data Training Set Part 2 LDC2011V02 * NIST/USF Evaluation Resources for the VACE Program -- Meeting Data Test Set Part 1 LDC2011V03 * NIST/USF Evaluation Resources for the VACE Program -- Meeting Data Test Set Part 2 LDC2011V04 * 2006 NIST/USF Evaluation Resources for the VACE Program -- Meeting Data Test Set Part 1 LDC2011V05 * 2006 NIST/USF Evaluation Resources for the VACE Program -- Meeting Data Test Set Part 2 LDC2011V06 This release is distributed on an external hard drive, consult these instructions for help attaching and reading the drive. *Data* The broadcast news recordings were collected by LDC in 1998 from the following sources: CNN Headline News (CNN-HDL) and ABC World News Tonight (ABC-WNT). CNN HDL is a 24-hour/day cable-TV broadcast which presents top news stories continuously throughout the day. ABC-WNT is a daily 30-minute news broadcast that typically covers about a dozen different news items. Each daily ABC-WNT broadcast and up to four 30-minute sections of CNN-HDL were recorded each day. The CNN segments were drawn from that portion of the daily schedule that happened to include closed captioning. The broadcasts were captured directly from a cable TV connection. The signal first went to a VCR which was programmed to record the broadcast on VHS tape. These were later recorded in MPEG-2 (29.97 fps at 720 x 480p) for use in the VACE program. The MPEG-2 versions are contained in this release. *Tools* The VACE evaluation tools have been integrated into NISTs downloadable Framework for Detection Evaluation (F4DE) Toolkit. The toolkit contains small example files for each of the task/object/domain scoring combinations. *Samples* * Video * Reference *Updates* None at this time.</marc:subfield>
      </marc:datafield>
      <marc:datafield tag="546" ind1=" " ind2=" ">
         <marc:subfield code="a">English</marc:subfield>
      </marc:datafield>
      <marc:datafield tag="655" ind1="7" ind2=" ">
         <marc:subfield code="a">MovingImage</marc:subfield>
         <marc:subfield code="2">DCMI Type</marc:subfield>
      </marc:datafield>
      <marc:datafield tag="700" ind1="1" ind2="0">
         <marc:subfield code="a">Kasturi, Rangachar</marc:subfield>
      </marc:datafield>
      <marc:datafield tag="700" ind1="1" ind2="0">
         <marc:subfield code="a">Goldgof, Dmitry</marc:subfield>
      </marc:datafield>
      <marc:datafield tag="700" ind1="1" ind2="0">
         <marc:subfield code="a">Manohar, Vasant</marc:subfield>
      </marc:datafield>
      <marc:datafield tag="700" ind1="1" ind2="0">
         <marc:subfield code="a">Soundararajan, Padmanabhan</marc:subfield>
      </marc:datafield>
      <marc:datafield tag="700" ind1="1" ind2="0">
         <marc:subfield code="a">Garofolo, John S.</marc:subfield>
      </marc:datafield>
      <marc:datafield tag="700" ind1="1" ind2="0">
         <marc:subfield code="a">Bowers, Rachel</marc:subfield>
      </marc:datafield>
      <marc:datafield tag="700" ind1="1" ind2="0">
         <marc:subfield code="a">Rose, Travis</marc:subfield>
      </marc:datafield>
      <marc:datafield tag="700" ind1="1" ind2="0">
         <marc:subfield code="a">Fiscus, Jonathan G.</marc:subfield>
      </marc:datafield>
      <marc:datafield tag="700" ind1="1" ind2="0">
         <marc:subfield code="a">Michel, Martial</marc:subfield>
      </marc:datafield>
   </marc:record>