
   <marc:record>
      <marc:leader>     nmm a22     3i 4500</marc:leader>
      <marc:controlfield tag="006">m     o  u        </marc:controlfield>
      <marc:controlfield tag="007">cu ||||||u||||</marc:controlfield>
      <marc:controlfield tag="008">      s2012    pau        u        mul d</marc:controlfield>
      <marc:datafield tag="020" ind1=" " ind2=" ">
         <marc:subfield code="a">1585636118</marc:subfield>
      </marc:datafield>
      <marc:datafield tag="024" ind1="8" ind2=" ">
         <marc:subfield code="a">LDC2012T04</marc:subfield>
      </marc:datafield>
      <marc:datafield tag="024" ind1="8" ind2=" ">
         <marc:subfield code="a">ISLRN: 088-658-711-565-5</marc:subfield>
      </marc:datafield>
      <marc:datafield tag="042" ind1=" " ind2=" ">
         <marc:subfield code="a">dc</marc:subfield>
      </marc:datafield>
      <marc:datafield tag="245" ind1="0" ind2="0">
         <marc:subfield code="a">2009 CoNLL Shared Task Part 2</marc:subfield>
      </marc:datafield>
      <marc:datafield tag="264" ind1=" " ind2=" ">
         <marc:subfield code="a">[Philadelphia, Pennsylvania]: </marc:subfield>
         <marc:subfield code="b">Linguistic Data Consortium, </marc:subfield>
         <marc:subfield code="c">[2012]</marc:subfield>
      </marc:datafield>
      <marc:datafield tag="500" ind1=" " ind2=" ">
         <marc:subfield code="a">LDC2012T04</marc:subfield>
      </marc:datafield>
      <marc:datafield tag="500" ind1=" " ind2=" ">
         <marc:subfield code="a">https://catalog.ldc.upenn.edu/LDC2012T04</marc:subfield>
      </marc:datafield>
      <marc:datafield tag="520" ind1=" " ind2=" ">
         <marc:subfield code="a">*Introduction* 2009 CoNLL Shared Task Part 2, LDC Catalog Number LDC2012T04 and ISBN 1-58563-611-8, contains the Chinese and English trial corpora, training corpora, development and test data for the 2009 CoNLL (Conference on Computational Natural Language Learning) Shared Task Evaluation. The 2009 Shared Task developed syntactic dependency annotations, including the semantic dependencies model roles of both verbal and nominal predicates. The Conference on Computational Natural Language Learning (CoNLL) is accompanied every year by a shared task intended to promote natural language processing applications and evaluate them in a standard setting. The 2004 and 2005 CoNLL shared tasks were dedicated to semantic role labeling (SRL) in a monolingual setting (English). In 2006 and 2007, the shared tasks were devoted to the parsing of syntactic dependencies and used corpora from up to thirteen languages. In 2008, the shared task focused on English and employed a unified dependency-based formalism and merged the task of syntactic dependency parsing and the task of identifying semantic arguments and labeling them with semantic roles that data has been released by LDC as 2008 CoNLL Shared Task Data. The 2009 task extended the 2008 task to several languages (English plus Catalan, Chinese, Czech, German, Japanese and Spanish). Among the new features were comparison of time and space complexity based on participants input, and learning curve comparison for languages with large datasets. The 2009 shared task was divided into two subtasks: * parsing syntactic dependencies * identification of arguments and assignment of semantic roles for each predicate 2009 CoNLL Shared Task Part 1 (LDC2012T03) contains the Catalan, Czech, German and Spanish task data and is also available through LDC. LDC has also released the following CoNLL Shared Task data sets: * 2006 CoNLL Shared Task - Ten Languages (LDC2015T11) * 2006 CoNLL Shared Task - Arabic &amp; Czech (LDC2015T12) * 2008 CoNLL Shared Task Data (LDC2009T12) * 2015-2016 CoNLL Shared Task (LDC2017T13) *Data* The materials in this release consist of excerpts from the following corpora: * Penn Treebank II (LDC95T7) (English): over one million words of annotated English newswire and other text developed by the University of Pennsylvania * PropBank (LDC2004T14) (English): semantic annotation of newswire text from Treebank-2 developed by the University of Pennsylvania * NomBank (LDC2008T23) (English): argument structure for instances of common nouns in Treebank-2 and Treebank-3 (LDC99T42) texts developed by New York University * Chinese Treebank 6.0 (LDC2007T36) (Chinese): 780,000 words (over 1.28 million characters) of annotated Chinese newswire, magazine and administrative texts and transcripts from various broadcast news programs developed by the University of Pennsylvania and the University of Colorado * Chinese Proposition Bank 2.0 (LDC2008T07) (Chinese): predicate-argument annotation on 500,000 words from Chinese Treebank 6.0 developed by the University of Pennsylvania and the University of Colorado In addition, an archive of all of the uploaded data from the participants is included in the eval-data folder. Users should note that not all data indicated in the individual READMEs is included in this release and neither are some of the corresponding DTDs for the XML. Additionally, all data is presented in its uncompressed form for ease of use. Within the user eval-data folder, the two folders marked bad contain references to data from languages included in Part 1 of this release as well as to Japanese data. Japanese data is not included in this release. *Samples* For samples of documents from each language use the links below: * Chinese * English *Updates* None at this time.</marc:subfield>
      </marc:datafield>
      <marc:datafield tag="546" ind1=" " ind2=" ">
         <marc:subfield code="a">English</marc:subfield>
      </marc:datafield>
      <marc:datafield tag="546" ind1=" " ind2=" ">
         <marc:subfield code="a">Mandarin Chinese</marc:subfield>
      </marc:datafield>
      <marc:datafield tag="546" ind1=" " ind2=" ">
         <marc:subfield code="a">Chinese</marc:subfield>
      </marc:datafield>
      <marc:datafield tag="655" ind1="7" ind2=" ">
         <marc:subfield code="a">Text</marc:subfield>
         <marc:subfield code="2">DCMI Type</marc:subfield>
      </marc:datafield>
      <marc:datafield tag="700" ind1="1" ind2="0">
         <marc:subfield code="a">Haji, Jan</marc:subfield>
      </marc:datafield>
      <marc:datafield tag="700" ind1="1" ind2="0">
         <marc:subfield code="a">Ciaramita, Massimiliano</marc:subfield>
      </marc:datafield>
      <marc:datafield tag="700" ind1="1" ind2="0">
         <marc:subfield code="a">Johansson, Richard</marc:subfield>
      </marc:datafield>
      <marc:datafield tag="700" ind1="1" ind2="0">
         <marc:subfield code="a">Meyers, Adam</marc:subfield>
      </marc:datafield>
      <marc:datafield tag="700" ind1="1" ind2="0">
         <marc:subfield code="a">tpnek, Jan</marc:subfield>
      </marc:datafield>
      <marc:datafield tag="700" ind1="1" ind2="0">
         <marc:subfield code="a">Nivre, Joakim</marc:subfield>
      </marc:datafield>
      <marc:datafield tag="700" ind1="1" ind2="0">
         <marc:subfield code="a">Strak, Pavel</marc:subfield>
      </marc:datafield>
      <marc:datafield tag="700" ind1="1" ind2="0">
         <marc:subfield code="a">Surdeanu, Mihai</marc:subfield>
      </marc:datafield>
      <marc:datafield tag="700" ind1="1" ind2="0">
         <marc:subfield code="a">Xue, Nianwen (Bert)</marc:subfield>
      </marc:datafield>
      <marc:datafield tag="700" ind1="1" ind2="0">
         <marc:subfield code="a">Zhang, Yi</marc:subfield>
      </marc:datafield>
   </marc:record>