
   <marc:record>
      <marc:leader>     nmm a22     3i 4500</marc:leader>
      <marc:controlfield tag="006">m     o  u        </marc:controlfield>
      <marc:controlfield tag="007">cu ||||||u||||</marc:controlfield>
      <marc:controlfield tag="008">      s2012    pau        u        mul d</marc:controlfield>
      <marc:datafield tag="020" ind1=" " ind2=" ">
         <marc:subfield code="a">1585636134</marc:subfield>
      </marc:datafield>
      <marc:datafield tag="024" ind1="8" ind2=" ">
         <marc:subfield code="a">LDC2012T06</marc:subfield>
      </marc:datafield>
      <marc:datafield tag="024" ind1="8" ind2=" ">
         <marc:subfield code="a">ISLRN: 046-763-102-667-4</marc:subfield>
      </marc:datafield>
      <marc:datafield tag="042" ind1=" " ind2=" ">
         <marc:subfield code="a">dc</marc:subfield>
      </marc:datafield>
      <marc:datafield tag="245" ind1="0" ind2="0">
         <marc:subfield code="a">GALE Phase 2 Arabic Broadcast Conversation Parallel Text Part 1</marc:subfield>
      </marc:datafield>
      <marc:datafield tag="264" ind1=" " ind2=" ">
         <marc:subfield code="a">[Philadelphia, Pennsylvania]: </marc:subfield>
         <marc:subfield code="b">Linguistic Data Consortium, </marc:subfield>
         <marc:subfield code="c">[2012]</marc:subfield>
      </marc:datafield>
      <marc:datafield tag="500" ind1=" " ind2=" ">
         <marc:subfield code="a">LDC2012T06</marc:subfield>
      </marc:datafield>
      <marc:datafield tag="500" ind1=" " ind2=" ">
         <marc:subfield code="a">https://catalog.ldc.upenn.edu/LDC2012T06</marc:subfield>
      </marc:datafield>
      <marc:datafield tag="520" ind1=" " ind2=" ">
         <marc:subfield code="a">*Introduction* GALE Phase 2 Arabic Broadcast Conversation Parallel Text Part 1 was developed by LDC. Along with other corpora, the parallel text in this release comprised machine translation training data for Phase 2 of the DARPA GALE (Global Autonomous Language Exploitation) Program. This corpus contains Modern Standard Arabic source text and corresponding English translations selected from broadcast conversation (BC) data collected by LDC between 2004 and 2007 and transcribed by LDC or under its direction. LDC has released the following GALE Phase 1 &amp; 2 Arabic Parallel Text data sets: * GALE Phase 1 Arabic Broadcast News Parallel Text - Part 1 (LDC2007T24) * GALE Phase 1 Arabic Broadcast News Parallel Text - Part 2 (LDC2008T09) * GALE Phase 1 Arabic Blog Parallel Text (LDC2008T02) * GALE Phase 1 Arabic Newsgroup Parallel Text - Part 1 (LDC2009T03) * GALE Phase 1 Arabic Newsgroup Parallel Text - Part 2 (LDC2009T09) * GALE Phase 2 Arabic Broadcast Conversation Parallel Text Part 1 (LDC2012T06) * GALE Phase 2 Arabic Broadcast Conversation Parallel Text Part 2 (LDC2012T14) * GALE Phase 2 Arabic Newswire Parallel Text (LDC2012T17) * GALE Phase 2 Arabic Broadcast News Parallel Text (LDC2012T18) * GALE Phase 2 Arabic Web Parallel Text (LDC2013T01) *Data* GALE Phase 2 Arabic Broadcast Conversation Parallel Text Part 1 includes 36 source-translation document pairs, comprising 169,109 words of Arabic source text and its English translation. Data is drawn from thirteen distinct Arabic programs broadcast between 2004 and 2007 from the following sources: Al Alam News Channel, a broadcaster located in Iran Aljazeera, a regional broadcast programmer based in Doha, Qatar Dubai TV, located in Dubai, United Arab Emirates Oman TV, a national broadcaster located in the Sultanate of Oman and Radio Sawa, a U.S, government-funded regional broadcaster. Broadcast conversation programming is generally more interactive than traditional news broadcasts and includes talk shows, interviews, call-in programs and roundtable discussions. The programs in this release focus on current events topics. The files in this release were transcribed by LDC staff and/or transcription vendors under contract to LDC in accordance with Quick Rich Transcription guidelines developed by LDC. Transcribers indicated sentence boundaries in addition to transcribing the text. Data was manually selected for translation according to several criteria, including linguistic features, transcription features and topic features. The transcribed and segmented files were then reformatted into a human-readable translation format and assigned to translation vendors. Translators followed LDCs Arabic to English translation guidelines which are included with this release. Bilingual LDC staff performed quality control procedures on the completed translations. Source data and translations are distributed in TDF format. TDF files are tab-delimited text files containing one segment of text along with meta information about that segment. Each field in the TDF file is described in TDF_format.txt. All data are encoded in UTF8. *Samples* Please follow the links for samples in Arabic and English. *Sponsorship* This work was supported in part by the Defense Advanced Research Projects Agency, GALE Program Grant No. HR0011-06-1-0003. The content of this publication does not necessarily reflect the position or the policy of the Government, and no official endorsement should be inferred. *Updates* None at this time.</marc:subfield>
      </marc:datafield>
      <marc:datafield tag="546" ind1=" " ind2=" ">
         <marc:subfield code="a">English</marc:subfield>
      </marc:datafield>
      <marc:datafield tag="546" ind1=" " ind2=" ">
         <marc:subfield code="a">Standard Arabic</marc:subfield>
      </marc:datafield>
      <marc:datafield tag="655" ind1="7" ind2=" ">
         <marc:subfield code="a">Text</marc:subfield>
         <marc:subfield code="2">DCMI Type</marc:subfield>
      </marc:datafield>
      <marc:datafield tag="700" ind1="1" ind2="0">
         <marc:subfield code="a">Friedman, Lauren</marc:subfield>
      </marc:datafield>
      <marc:datafield tag="700" ind1="1" ind2="0">
         <marc:subfield code="a">Jin, Hubert</marc:subfield>
      </marc:datafield>
      <marc:datafield tag="700" ind1="1" ind2="0">
         <marc:subfield code="a">Song, Zhiyi</marc:subfield>
      </marc:datafield>
      <marc:datafield tag="700" ind1="1" ind2="0">
         <marc:subfield code="a">Krug, Gary</marc:subfield>
      </marc:datafield>
      <marc:datafield tag="700" ind1="1" ind2="0">
         <marc:subfield code="a">Strassel, Stephanie</marc:subfield>
      </marc:datafield>
   </marc:record>