
   <marc:record>
      <marc:leader>     nmm a22     3i 4500</marc:leader>
      <marc:controlfield tag="006">m     o  u        </marc:controlfield>
      <marc:controlfield tag="007">cu ||||||u||||</marc:controlfield>
      <marc:controlfield tag="008">      s2012    pau        u        mul d</marc:controlfield>
      <marc:datafield tag="020" ind1=" " ind2=" ">
         <marc:subfield code="a">1585636177</marc:subfield>
      </marc:datafield>
      <marc:datafield tag="024" ind1="8" ind2=" ">
         <marc:subfield code="a">LDC2012T09</marc:subfield>
      </marc:datafield>
      <marc:datafield tag="024" ind1="8" ind2=" ">
         <marc:subfield code="a">ISLRN: 833-244-299-656-3</marc:subfield>
      </marc:datafield>
      <marc:datafield tag="042" ind1=" " ind2=" ">
         <marc:subfield code="a">dc</marc:subfield>
      </marc:datafield>
      <marc:datafield tag="245" ind1="0" ind2="0">
         <marc:subfield code="a">Arabic-Dialect/English Parallel Text</marc:subfield>
      </marc:datafield>
      <marc:datafield tag="264" ind1=" " ind2=" ">
         <marc:subfield code="a">[Philadelphia, Pennsylvania]: </marc:subfield>
         <marc:subfield code="b">Linguistic Data Consortium, </marc:subfield>
         <marc:subfield code="c">[2012]</marc:subfield>
      </marc:datafield>
      <marc:datafield tag="500" ind1=" " ind2=" ">
         <marc:subfield code="a">LDC2012T09</marc:subfield>
      </marc:datafield>
      <marc:datafield tag="500" ind1=" " ind2=" ">
         <marc:subfield code="a">https://catalog.ldc.upenn.edu/LDC2012T09</marc:subfield>
      </marc:datafield>
      <marc:datafield tag="520" ind1=" " ind2=" ">
         <marc:subfield code="a">*Introduction* Arabic-Dialect/English Parallel Text was developed by Raytheon BBN Technologies (BBN), LDC and Sakhr Software and contains approximately 3.5 million tokens of Arabic dialect sentences and their English translations. *Data* The data in this corpus consists of Arabic web text as follows: 1. Filtered automatically from large Arabic text corpora harvested from the web by LDC. The LDC corpora consisted largely of weblog and online user groups and amounted to around 350 million Arabic words. Documents that contained a large percentage of non-Arabic or Modern Standard Arabic (MSA) words were eliminated. A list of dialect words was manually selected by culling through the Levantine Fisher (LDC2005S07, LDC2005T03, LDC2007S02 and LDC2007T04) and Egyptian CALLHOME speech corpora (LDC97S45, LDC2002S37, LDC97T19 and LDC2002T38) distributed by LDC. That list was then used to retain documents that contained a certain number of matches. The resulting subset of the web corpora contained around four million words. Documents were automatically segmented into passages using formatting information from the raw data. 2. Manually harvested by Sakhr Software from Arabic dialect web sites. Dialect classification and sentence segmentation, as needed, and translation into English were performed by BBN through Amazons Mechanical Turk. Arabic annotators from Mechanical Turk classified filtered passages as being either MSA or one of four regional dialects: Egyptian, Levantine, Gulf/Iraqi or Maghrebi. An additional General dialect option was allowed for ambiguous passages. The classification was applied to whole passages rather than individual sentences. Only the passages labeled Levantine and Egyptian were further processed. The segmented Levantine and Egyptian sentences were then translated. Annotators were instructed to translate completely and accurately and to transliterate Arabic names. They were also provided with examples. All segments of a passage were presented in the same translation task to provide context. *Samples* Please follow this link for a sample of the data in this release. *Updates* None at this time.</marc:subfield>
      </marc:datafield>
      <marc:datafield tag="546" ind1=" " ind2=" ">
         <marc:subfield code="a">English</marc:subfield>
      </marc:datafield>
      <marc:datafield tag="546" ind1=" " ind2=" ">
         <marc:subfield code="a">Egyptian Arabic</marc:subfield>
      </marc:datafield>
      <marc:datafield tag="546" ind1=" " ind2=" ">
         <marc:subfield code="a">North Levantine Arabic</marc:subfield>
      </marc:datafield>
      <marc:datafield tag="546" ind1=" " ind2=" ">
         <marc:subfield code="a">South Levantine Arabic</marc:subfield>
      </marc:datafield>
      <marc:datafield tag="655" ind1="7" ind2=" ">
         <marc:subfield code="a">Text</marc:subfield>
         <marc:subfield code="2">DCMI Type</marc:subfield>
      </marc:datafield>
      <marc:datafield tag="700" ind1="1" ind2="0">
         <marc:subfield code="a">Raytheon BBN Technologies</marc:subfield>
      </marc:datafield>
      <marc:datafield tag="700" ind1="1" ind2="0">
         <marc:subfield code="a">Linguistic Data Consortium</marc:subfield>
      </marc:datafield>
      <marc:datafield tag="700" ind1="1" ind2="0">
         <marc:subfield code="a">Software, Sakhr</marc:subfield>
      </marc:datafield>
   </marc:record>