
   <marc:record>
      <marc:leader>     nmm a22     3i 4500</marc:leader>
      <marc:controlfield tag="006">m     o  u        </marc:controlfield>
      <marc:controlfield tag="007">cu ||||||u||||</marc:controlfield>
      <marc:controlfield tag="008">      s2012    pau        u        mul d</marc:controlfield>
      <marc:datafield tag="020" ind1=" " ind2=" ">
         <marc:subfield code="a">1585636193</marc:subfield>
      </marc:datafield>
      <marc:datafield tag="024" ind1="8" ind2=" ">
         <marc:subfield code="a">LDC2012T11</marc:subfield>
      </marc:datafield>
      <marc:datafield tag="024" ind1="8" ind2=" ">
         <marc:subfield code="a">ISLRN: 756-362-661-905-7</marc:subfield>
      </marc:datafield>
      <marc:datafield tag="042" ind1=" " ind2=" ">
         <marc:subfield code="a">dc</marc:subfield>
      </marc:datafield>
      <marc:datafield tag="245" ind1="0" ind2="0">
         <marc:subfield code="a">American English Nickname Collection</marc:subfield>
      </marc:datafield>
      <marc:datafield tag="264" ind1=" " ind2=" ">
         <marc:subfield code="a">[Philadelphia, Pennsylvania]: </marc:subfield>
         <marc:subfield code="b">Linguistic Data Consortium, </marc:subfield>
         <marc:subfield code="c">[2012]</marc:subfield>
      </marc:datafield>
      <marc:datafield tag="500" ind1=" " ind2=" ">
         <marc:subfield code="a">LDC2012T11</marc:subfield>
      </marc:datafield>
      <marc:datafield tag="500" ind1=" " ind2=" ">
         <marc:subfield code="a">https://catalog.ldc.upenn.edu/LDC2012T11</marc:subfield>
      </marc:datafield>
      <marc:datafield tag="520" ind1=" " ind2=" ">
         <marc:subfield code="a">*Introduction* American English Nickname Collection was developed by Intelius, Inc. and is a compilation of American English nicknames to given name mappings based on information in US government records, public web profiles and financial and property reports. This corpus is intended as a tool for the quantitative study of nickname usage in the United States such as in demographic and sociological studies. It has multiple potential human language technology applications as well, including entity extraction, coreference resolution, people search, language modeling and machine translation. *Data* The American English Nickname Collection contains 331,237 distinct mappings encompassing millions of names. The data was collected and processed through a record linkage pipeline. The steps in the pipeline were (1) data cleaning, (2) blocking, (3) pair-wise linkage and (4) clustering. In the cleaning step, material was categorized, processed to remove junk and spam records and normalized to an approximately common representation. The blocking process utitlized an algorithm to group records by shared properties for determining which record pairs should be examined by the pairwise linker as potential duplicates. The linkage step assigned a score to record pairs using a supervised pairwise-based machine learning model. The clustering step combined record pairs into connected components and further partitioned each connected component to remove inconsistent pairwise links. The result is that input records were partitioned into disjoint sets called profiles, where each profile corresponded to a single person. The material is presented in the form of a comma delimited text file. Each line contains a first name, a nickname or alias, its conditional probability and its frequency. The conditional probability for each nickname is derived from the base data using an algorithim which calculates both the probability for which any alias refers to a given name and a threshold below which the mapping is most likely an error. This threshold eliminates typographic errors and other noise from the data. *Samples* Please view this image sample. Portions  2012 Intelius, Inc.,  2012 Trustees of the University of Pennsylvania</marc:subfield>
      </marc:datafield>
      <marc:datafield tag="546" ind1=" " ind2=" ">
         <marc:subfield code="a">English</marc:subfield>
      </marc:datafield>
      <marc:datafield tag="655" ind1="7" ind2=" ">
         <marc:subfield code="a">Text</marc:subfield>
         <marc:subfield code="2">DCMI Type</marc:subfield>
      </marc:datafield>
      <marc:datafield tag="700" ind1="1" ind2="0">
         <marc:subfield code="a">Carvalho, Vitor R.</marc:subfield>
      </marc:datafield>
      <marc:datafield tag="700" ind1="1" ind2="0">
         <marc:subfield code="a">Kiran, Yigit</marc:subfield>
      </marc:datafield>
      <marc:datafield tag="700" ind1="1" ind2="0">
         <marc:subfield code="a">Borthwick, Andrew</marc:subfield>
      </marc:datafield>
   </marc:record>