
   <marc:record>
      <marc:leader>     nmm a22     3i 4500</marc:leader>
      <marc:controlfield tag="006">m     o  u        </marc:controlfield>
      <marc:controlfield tag="007">cu ||||||u||||</marc:controlfield>
      <marc:controlfield tag="008">      s2013    pau        u        mul d</marc:controlfield>
      <marc:datafield tag="020" ind1=" " ind2=" ">
         <marc:subfield code="a">1585636355</marc:subfield>
      </marc:datafield>
      <marc:datafield tag="024" ind1="8" ind2=" ">
         <marc:subfield code="a">LDC2013T03</marc:subfield>
      </marc:datafield>
      <marc:datafield tag="024" ind1="8" ind2=" ">
         <marc:subfield code="a">ISLRN: 896-999-017-833-1</marc:subfield>
      </marc:datafield>
      <marc:datafield tag="042" ind1=" " ind2=" ">
         <marc:subfield code="a">dc</marc:subfield>
      </marc:datafield>
      <marc:datafield tag="245" ind1="0" ind2="0">
         <marc:subfield code="a">NIST 2012 Open Machine Translation (OpenMT) Evaluation</marc:subfield>
      </marc:datafield>
      <marc:datafield tag="264" ind1=" " ind2=" ">
         <marc:subfield code="a">[Philadelphia, Pennsylvania]: </marc:subfield>
         <marc:subfield code="b">Linguistic Data Consortium, </marc:subfield>
         <marc:subfield code="c">[2013]</marc:subfield>
      </marc:datafield>
      <marc:datafield tag="500" ind1=" " ind2=" ">
         <marc:subfield code="a">LDC2013T03</marc:subfield>
      </marc:datafield>
      <marc:datafield tag="500" ind1=" " ind2=" ">
         <marc:subfield code="a">https://catalog.ldc.upenn.edu/LDC2013T03</marc:subfield>
      </marc:datafield>
      <marc:datafield tag="520" ind1=" " ind2=" ">
         <marc:subfield code="a">*Introduction* NIST 2012 Open Machine Translation (OpenMT) Evaluation was developed by NIST Multimodal Information Group. This release contains source data, reference translations and scoring software used in the NIST 2012 OpenMT evaluation, specifically, for the Chinese-to-English language pair track. The package was compiled and scoring software was developed at NIST, making use of Chinese newswire and web data and reference translations collected and developed by LDC. The objective of the OpenMT evaluation series is to support research in, and help advance the state of the art of, machine translation (MT) technologies -- technologies that translate text between human languages. Input may include all forms of text. The goal is for the output to be an adequate and fluent translation of the original. The MT evaluation series started in 2001 as part of the DARPA TIDES (Translingual Information Detection, Extraction) program. Beginning with the 2006 evaluation, the evaluations have been driven and coordinated by NIST as NIST OpenMT. These evaluations provide an important contribution to the direction of research efforts and the calibration of technical capabilities in MT. The Open MT evaluations are intended to be of interest to all researchers working on the general problem of automatic translation between human languages. To this end, they are designed to be simple, to focus on core technology issues and to be fully supported. The 2012 task was to evaluate five language pairs: Arabic-to-English, Chinese-to-English, Dari-to-English, Farsi-to-English and Korean-to-English. This release consists of the material used in the Chinese-to-English language pair track. For more general information about the NIST OpenMT evaluations, please refer to the NIST OpenMT website. This evaluation kit includes a single Perl script (mteval-v13a.pl) that may be used to produce a translation quality score for one (or more) MT systems. The script works by comparing the system output translation with a set of (expert) reference translations of the same source text. Comparison is based on finding sequences of words in the reference translations that match word sequences in the system output translation. *Data* This release contains 222 documents with corresponding source and reference files, the latter of which contains four independent human reference translations of the source data. The source data is comprised of Chinese newswire and web data collected by LDC in 2011. A portion of the web data concerned the topic of food and was treated as a restricted domain. The table below displays statistics by source, genre, documents, segments and source tokens. Source Genre Documents Segments Source Tokens Chinese General Newswire 45 400 18184 Chinese General Web Data 28 420 15181 Chinese Restricted Domain Web Data 149 2184 48422 The token counts for Chinese data are character counts, which were obtained by counting tokens matching the UNICODE-based regular expression w. The Python re module was used to obtain those counts. The data in this package are in XML format compliant with the included DTD *Samples* Please view these Chinese and English samples. *Updates* None at this time.</marc:subfield>
      </marc:datafield>
      <marc:datafield tag="546" ind1=" " ind2=" ">
         <marc:subfield code="a">English</marc:subfield>
      </marc:datafield>
      <marc:datafield tag="546" ind1=" " ind2=" ">
         <marc:subfield code="a">Mandarin Chinese</marc:subfield>
      </marc:datafield>
      <marc:datafield tag="546" ind1=" " ind2=" ">
         <marc:subfield code="a">Chinese</marc:subfield>
      </marc:datafield>
      <marc:datafield tag="655" ind1="7" ind2=" ">
         <marc:subfield code="a">Text</marc:subfield>
         <marc:subfield code="2">DCMI Type</marc:subfield>
      </marc:datafield>
      <marc:datafield tag="700" ind1="1" ind2="0">
         <marc:subfield code="a">NIST Multimodal Information Group</marc:subfield>
      </marc:datafield>
   </marc:record>