
   <marc:record>
      <marc:leader>     nmm a22     3i 4500</marc:leader>
      <marc:controlfield tag="006">m     o  u        </marc:controlfield>
      <marc:controlfield tag="007">cu ||||||u||||</marc:controlfield>
      <marc:controlfield tag="008">      s2013    pau        u        mul d</marc:controlfield>
      <marc:datafield tag="020" ind1=" " ind2=" ">
         <marc:subfield code="a">1585636460</marc:subfield>
      </marc:datafield>
      <marc:datafield tag="024" ind1="8" ind2=" ">
         <marc:subfield code="a">LDC2013T11</marc:subfield>
      </marc:datafield>
      <marc:datafield tag="024" ind1="8" ind2=" ">
         <marc:subfield code="a">ISLRN: 932-371-960-415-7</marc:subfield>
      </marc:datafield>
      <marc:datafield tag="042" ind1=" " ind2=" ">
         <marc:subfield code="a">dc</marc:subfield>
      </marc:datafield>
      <marc:datafield tag="245" ind1="0" ind2="0">
         <marc:subfield code="a">GALE Phase 2 Chinese Broadcast Conversation Parallel Text Part 1</marc:subfield>
      </marc:datafield>
      <marc:datafield tag="264" ind1=" " ind2=" ">
         <marc:subfield code="a">[Philadelphia, Pennsylvania]: </marc:subfield>
         <marc:subfield code="b">Linguistic Data Consortium, </marc:subfield>
         <marc:subfield code="c">[2013]</marc:subfield>
      </marc:datafield>
      <marc:datafield tag="500" ind1=" " ind2=" ">
         <marc:subfield code="a">LDC2013T11</marc:subfield>
      </marc:datafield>
      <marc:datafield tag="500" ind1=" " ind2=" ">
         <marc:subfield code="a">https://catalog.ldc.upenn.edu/LDC2013T11</marc:subfield>
      </marc:datafield>
      <marc:datafield tag="520" ind1=" " ind2=" ">
         <marc:subfield code="a">//W3C//DTD HTML 4.01 Transitional//EN&gt; *Introduction* GALE Phase 2 Chinese Broadcast Conversation Parallel Text Part 1 was developed by the Linguistic Data Consortium (LDC). Along with other corpora, the parallel text in this release comprised training data for Phase 2 of the DARPA GALE (Global Autonomous Language Exploitation) Program. This corpus contains Chinese source text and corresponding English translations selected from broadcast conversation (BC) data collected by LDC in 2006 and 2007 and transcribed by LDC or under its direction. *Data* This release includes 21 source-translation document pairs, comprising 146,082 characters of Chinese source text and its English translation. Data is drawn from seven distinct Chinese programs broadcast in 2006 and 2007 from the following sources -- China Central TV, a national and international broadcaster in Mainland China and Phoenix TV, a Hong Kong-based satellite television station. Broadcast conversation programming is generally more interactive than traditional news broadcasts and includes talk shows, interviews, call-in programs and roundtable discussions. The programs in this release focus on current events topics. The data was transcribed by LDC staff and/or transcription vendors under contract to LDC in accordance with Quick Rich Transcription guidelines developed by LDC. Transcribers indicated sentence boundaries in addition to transcribing the text. Data was manually selected for translation according to several criteria, including linguistic features, transcription features and topic features. The transcribed and segmented files were then reformatted into a human-readable translation format and assigned to translation vendors. Translators followed LDCs Chinese to English translation guidelines. Bilingual LDC staff performed quality control procedures on the completed translations. Source data and translations are distributed in TDF format. TDF files are tab-delimited files containing one segment of text along with meta information about that segment. Each field in the TDF file is described in TDF_format.text. All data are encoded in UTF-8. *Samples* Please view the following Chinese source sample and English translation sample. *Updates* None at this time. *Acknowledgement* This work was supported in part by the Defense Advanced Research Projects Agency, GALE Program Grant No. HR0011-06-1-0003. The content of this publication does not necessarily reflect the position or the policy of the Government, and no official endorsement should be inferred.</marc:subfield>
      </marc:datafield>
      <marc:datafield tag="546" ind1=" " ind2=" ">
         <marc:subfield code="a">English</marc:subfield>
      </marc:datafield>
      <marc:datafield tag="546" ind1=" " ind2=" ">
         <marc:subfield code="a">Mandarin Chinese</marc:subfield>
      </marc:datafield>
      <marc:datafield tag="546" ind1=" " ind2=" ">
         <marc:subfield code="a">Chinese</marc:subfield>
      </marc:datafield>
      <marc:datafield tag="655" ind1="7" ind2=" ">
         <marc:subfield code="a">Text</marc:subfield>
         <marc:subfield code="2">DCMI Type</marc:subfield>
      </marc:datafield>
      <marc:datafield tag="700" ind1="1" ind2="0">
         <marc:subfield code="a">Friedman, Lauren</marc:subfield>
      </marc:datafield>
      <marc:datafield tag="700" ind1="1" ind2="0">
         <marc:subfield code="a">Jin, Hubert</marc:subfield>
      </marc:datafield>
      <marc:datafield tag="700" ind1="1" ind2="0">
         <marc:subfield code="a">Song, Zhiyi</marc:subfield>
      </marc:datafield>
      <marc:datafield tag="700" ind1="1" ind2="0">
         <marc:subfield code="a">Krug, Gary</marc:subfield>
      </marc:datafield>
      <marc:datafield tag="700" ind1="1" ind2="0">
         <marc:subfield code="a">Strassel, Stephanie</marc:subfield>
      </marc:datafield>
   </marc:record>