
   <marc:record>
      <marc:leader>     nmm a22     3i 4500</marc:leader>
      <marc:controlfield tag="006">m     o  u        </marc:controlfield>
      <marc:controlfield tag="007">cu ||||||u||||</marc:controlfield>
      <marc:controlfield tag="008">      s2013    pau        u        mul d</marc:controlfield>
      <marc:datafield tag="020" ind1=" " ind2=" ">
         <marc:subfield code="a">1585636568</marc:subfield>
      </marc:datafield>
      <marc:datafield tag="024" ind1="8" ind2=" ">
         <marc:subfield code="a">LDC2013T18</marc:subfield>
      </marc:datafield>
      <marc:datafield tag="024" ind1="8" ind2=" ">
         <marc:subfield code="a">ISLRN: 857-492-590-583-5</marc:subfield>
      </marc:datafield>
      <marc:datafield tag="042" ind1=" " ind2=" ">
         <marc:subfield code="a">dc</marc:subfield>
      </marc:datafield>
      <marc:datafield tag="245" ind1="0" ind2="0">
         <marc:subfield code="a">Semantic Textual Similarity (STS) 2013 Machine Translation</marc:subfield>
      </marc:datafield>
      <marc:datafield tag="264" ind1=" " ind2=" ">
         <marc:subfield code="a">[Philadelphia, Pennsylvania]: </marc:subfield>
         <marc:subfield code="b">Linguistic Data Consortium, </marc:subfield>
         <marc:subfield code="c">[2013]</marc:subfield>
      </marc:datafield>
      <marc:datafield tag="500" ind1=" " ind2=" ">
         <marc:subfield code="a">LDC2013T18</marc:subfield>
      </marc:datafield>
      <marc:datafield tag="500" ind1=" " ind2=" ">
         <marc:subfield code="a">https://catalog.ldc.upenn.edu/LDC2013T18</marc:subfield>
      </marc:datafield>
      <marc:datafield tag="520" ind1=" " ind2=" ">
         <marc:subfield code="a">*Introduction* Semantic Textual Similarity (STS) 2013 Machine Translation was developed as part of the STS 2013 Shared Task which was held in conjunction with *SEM 2013, the second joint conference on lexical and computational semantics organized by the ACL (Association of Computational Linguistics) interest groups SIGLEX and SIGSEM. It is comprised of one text file containing 750 English sentence pairs translated from the Arabic and Chinese newswire and web data sources. The goal of the Semantic Textual Similarity (STS) task was to create a unified framework for the evaluation of semantic textual similarity modules and to characterize their impact on natural language processing (NLP) applications. STS measures the degree of semantic equivalence. The STS task was proposed as an attempt at creating a unified framework that allows for an extrinsic evaluation of multiple semantic components that otherwise have historically tended to be evaluated independently and without characterization of impact on NLP applications. More information is available at the STS 2013 Shared Task homepage. *Data* The source data is Arabic and Chinese newswire and web data collected by LDC that was translated and used in the DARPA GALE (Global Autonomous Language Exploitation) program and in several NIST Open Machine Translation evaluations. Of the 750 sentence pairs, 150 pairs are from the GALE Phase 5 collection and 600 pairs are from NIST 2008-2012 Open Machine Translation (OpenMT) Progress Test Sets (LDC2013T07). The data was built to identify semantic textual similarity between two short text passages. The corpus is comprised of two tab delimited sentences per line. The first sentence is a translation and the second sentence is a post-edited translation. Post-editing is a process to improve machine translation with a minimum of manual labor. The gold standard similarity values and other STS datasets can be obtained from the STS homepage, linked above. *Samples* Please view this text sample. *Updates* None at this time.</marc:subfield>
      </marc:datafield>
      <marc:datafield tag="546" ind1=" " ind2=" ">
         <marc:subfield code="a">English</marc:subfield>
      </marc:datafield>
      <marc:datafield tag="655" ind1="7" ind2=" ">
         <marc:subfield code="a">Text</marc:subfield>
         <marc:subfield code="2">DCMI Type</marc:subfield>
      </marc:datafield>
      <marc:datafield tag="700" ind1="1" ind2="0">
         <marc:subfield code="a">Agirre, Eneko</marc:subfield>
      </marc:datafield>
      <marc:datafield tag="700" ind1="1" ind2="0">
         <marc:subfield code="a">Cer, Daniel</marc:subfield>
      </marc:datafield>
      <marc:datafield tag="700" ind1="1" ind2="0">
         <marc:subfield code="a">Diab, Mona</marc:subfield>
      </marc:datafield>
      <marc:datafield tag="700" ind1="1" ind2="0">
         <marc:subfield code="a">Gonzalez-Agirre, Aitor</marc:subfield>
      </marc:datafield>
      <marc:datafield tag="700" ind1="1" ind2="0">
         <marc:subfield code="a">Guo, Weiwei</marc:subfield>
      </marc:datafield>
   </marc:record>