
   <marc:record>
      <marc:leader>     nmm a22     3i 4500</marc:leader>
      <marc:controlfield tag="006">m     o  u        </marc:controlfield>
      <marc:controlfield tag="007">cu ||||||u||||</marc:controlfield>
      <marc:controlfield tag="008">      s2013    pau        u        mul d</marc:controlfield>
      <marc:datafield tag="020" ind1=" " ind2=" ">
         <marc:subfield code="a">1585636576</marc:subfield>
      </marc:datafield>
      <marc:datafield tag="024" ind1="8" ind2=" ">
         <marc:subfield code="a">LDC2013T20</marc:subfield>
      </marc:datafield>
      <marc:datafield tag="024" ind1="8" ind2=" ">
         <marc:subfield code="a">ISLRN: 097-396-657-690-1</marc:subfield>
      </marc:datafield>
      <marc:datafield tag="042" ind1=" " ind2=" ">
         <marc:subfield code="a">dc</marc:subfield>
      </marc:datafield>
      <marc:datafield tag="245" ind1="0" ind2="0">
         <marc:subfield code="a">GALE Phase 2 Chinese Broadcast News Transcripts</marc:subfield>
      </marc:datafield>
      <marc:datafield tag="264" ind1=" " ind2=" ">
         <marc:subfield code="a">[Philadelphia, Pennsylvania]: </marc:subfield>
         <marc:subfield code="b">Linguistic Data Consortium, </marc:subfield>
         <marc:subfield code="c">[2013]</marc:subfield>
      </marc:datafield>
      <marc:datafield tag="500" ind1=" " ind2=" ">
         <marc:subfield code="a">LDC2013T20</marc:subfield>
      </marc:datafield>
      <marc:datafield tag="500" ind1=" " ind2=" ">
         <marc:subfield code="a">https://catalog.ldc.upenn.edu/LDC2013T20</marc:subfield>
      </marc:datafield>
      <marc:datafield tag="520" ind1=" " ind2=" ">
         <marc:subfield code="a">*Introduction* GALE Phase 2 Chinese Broadcast News Transcripts was developed by the Linguistic Data Consortium (LDC) and contains transcriptions of approximately 110 hours of Chinese broadcast news speech collected in 2006 and 2007 by LDC and Hong University of Science and Technology (HKUST), Hong Kong, during Phase 2 of the DARPA GALE (Global Autonomous Language Exploitation) Program. Corresponding audio data is released as GALE Phase 2 Chinese Broadcast News Speech (LDC2013S08). The source broadcast recordings feature news programs focusing principally on current events from the following sources: Anhui TV, a regional television station in Mainland China, Anhui Province; China Central TV (CCTV), a national and international broadcaster in Mainland China; and Phoenix TV, a Hong Kong-based satellite television station. *Data* The transcript files are in plain-text, tab-delimited format (TDF) with UTF-8 encoding, and the transcribed data totals 1,593,049 tokens. The transcripts were created with the LDC-developed transcription tool, XTrans, a multi-platform, multilingual, multi-channel transcription tool that supports manual transcription and annotation of audio recordings. XTrans is available from the following link, https://www.ldc.upenn.edu/language-resources/tools/xtrans. The files in this corpus were transcribed by LDC staff and/or by transcription vendors under contract to LDC. Transcribers followed the LDC quick transcription guidelines (QTR) and quick rich transcription specification (QRTR) both of which are included in the documentation with this release. QTR transcription consists of quick (near-)verbatim, time-aligned transcripts plus speaker identification with minimal additional mark-up. It does not include sentence unit annotation. QRTR annotation adds structural information such as topic boundaries and manual sentence unit annotation to the core components of a quick transcript. Files with QTR as part of the filename were developed using QTR transcription. Files with QRTR in the filename indicate QRTR transcription. *Samples* Please view this text sample. *Updates* None at this time. *Acknowledgement* This work was supported in part by the Defense Advanced Research Projects Agency, GALE Program Grant No. HR0011-06-1-0003. The content of this publication does not necessarily reflect the position or the policy of the Government, and no official endorsement should be inferred.</marc:subfield>
      </marc:datafield>
      <marc:datafield tag="546" ind1=" " ind2=" ">
         <marc:subfield code="a">Mandarin Chinese</marc:subfield>
      </marc:datafield>
      <marc:datafield tag="546" ind1=" " ind2=" ">
         <marc:subfield code="a">Chinese</marc:subfield>
      </marc:datafield>
      <marc:datafield tag="655" ind1="7" ind2=" ">
         <marc:subfield code="a">Text</marc:subfield>
         <marc:subfield code="2">DCMI Type</marc:subfield>
      </marc:datafield>
      <marc:datafield tag="700" ind1="1" ind2="0">
         <marc:subfield code="a">Glenn, Meghan</marc:subfield>
      </marc:datafield>
      <marc:datafield tag="700" ind1="1" ind2="0">
         <marc:subfield code="a">Lee, Haejoong</marc:subfield>
      </marc:datafield>
      <marc:datafield tag="700" ind1="1" ind2="0">
         <marc:subfield code="a">Strassel, Stephanie</marc:subfield>
      </marc:datafield>
      <marc:datafield tag="700" ind1="1" ind2="0">
         <marc:subfield code="a">Maeda, Kazuaki</marc:subfield>
      </marc:datafield>
   </marc:record>