
   <marc:record>
      <marc:leader>     nmm a22     3i 4500</marc:leader>
      <marc:controlfield tag="006">m     o  u        </marc:controlfield>
      <marc:controlfield tag="007">cu ||||||u||||</marc:controlfield>
      <marc:controlfield tag="008">      s2014    pau        u        mul d</marc:controlfield>
      <marc:datafield tag="020" ind1=" " ind2=" ">
         <marc:subfield code="a">1585636657</marc:subfield>
      </marc:datafield>
      <marc:datafield tag="024" ind1="8" ind2=" ">
         <marc:subfield code="a">LDC2014S01</marc:subfield>
      </marc:datafield>
      <marc:datafield tag="024" ind1="8" ind2=" ">
         <marc:subfield code="a">ISLRN: 639-168-803-360-2</marc:subfield>
      </marc:datafield>
      <marc:datafield tag="042" ind1=" " ind2=" ">
         <marc:subfield code="a">dc</marc:subfield>
      </marc:datafield>
      <marc:datafield tag="245" ind1="0" ind2="0">
         <marc:subfield code="a">CALLFRIEND Farsi Second Edition Speech</marc:subfield>
      </marc:datafield>
      <marc:datafield tag="264" ind1=" " ind2=" ">
         <marc:subfield code="a">[Philadelphia, Pennsylvania]: </marc:subfield>
         <marc:subfield code="b">Linguistic Data Consortium, </marc:subfield>
         <marc:subfield code="c">[2014]</marc:subfield>
      </marc:datafield>
      <marc:datafield tag="500" ind1=" " ind2=" ">
         <marc:subfield code="a">LDC2014S01</marc:subfield>
      </marc:datafield>
      <marc:datafield tag="500" ind1=" " ind2=" ">
         <marc:subfield code="a">https://catalog.ldc.upenn.edu/LDC2014S01</marc:subfield>
      </marc:datafield>
      <marc:datafield tag="520" ind1=" " ind2=" ">
         <marc:subfield code="a">*Introduction* CALLFRIEND Farsi Second Edition Speech was developed by the Linguistic Data Consortium (LDC) and consists of approximately 42 hours of telephone conversation (100 recordings) among native Farsi speakers. The calls were recorded in 1995 and 1996 as part of the CALLFRIEND collection, a project designed primarily to support research in automatic language identification. One hundred native Farsi speakers living in the continental United States each made a single telephone call, lasting up to 30 minutes, to a family member or friend living in the United States. This release represents all calls from the collection. LDC released recordings from 60 calls without transcripts in 1996 as CALLFRIEND Farsi (LDC96S50) after 20 of those calls were used as evaluation data in the first NIST Language Recognition Evaluation (LRE). Seven of these original 60 calls were deemed unsuitable for transcription and, thus 53 of the original CF Farsi files are included along with 47 new files. Corresponding transcripts are available in CALLFRIEND Farsi Second Edition Speech Transcripts (LDC2014T01). *Data* All recordings involved domestic calls routed through the automated telephone collection platform at LDC and were stored as 2-channel (4-wire), 8-KHz mu-law samples taken directly from the public telephone network via a T-1 circuit. Each audio file is a FLAC-compressed MS-WAV (RIFF) format audio file containing 2-channel, 8-KHz, 16-bit PCM sample data. This release includes speaker information, including gender, the number of speakers on each channel and call duration. *Samples* Please listen to this audio sample. *Updates* None at this time.</marc:subfield>
      </marc:datafield>
      <marc:datafield tag="546" ind1=" " ind2=" ">
         <marc:subfield code="a">Iranian Persian</marc:subfield>
      </marc:datafield>
      <marc:datafield tag="655" ind1="7" ind2=" ">
         <marc:subfield code="a">Sound</marc:subfield>
         <marc:subfield code="2">DCMI Type</marc:subfield>
      </marc:datafield>
      <marc:datafield tag="700" ind1="1" ind2="0">
         <marc:subfield code="a">Canavan, Alexandra</marc:subfield>
      </marc:datafield>
      <marc:datafield tag="700" ind1="1" ind2="0">
         <marc:subfield code="a">Zipperlen, George</marc:subfield>
      </marc:datafield>
      <marc:datafield tag="700" ind1="1" ind2="0">
         <marc:subfield code="a">Graff, David</marc:subfield>
      </marc:datafield>
   </marc:record>