
   <marc:record>
      <marc:leader>     nmm a22     3i 4500</marc:leader>
      <marc:controlfield tag="006">m     o  u        </marc:controlfield>
      <marc:controlfield tag="007">cu ||||||u||||</marc:controlfield>
      <marc:controlfield tag="008">      s2014    pau        u        mul d</marc:controlfield>
      <marc:datafield tag="024" ind1="8" ind2=" ">
         <marc:subfield code="a">LDC2014S02</marc:subfield>
      </marc:datafield>
      <marc:datafield tag="024" ind1="8" ind2=" ">
         <marc:subfield code="a">ISLRN: 789-673-729-277-5</marc:subfield>
      </marc:datafield>
      <marc:datafield tag="042" ind1=" " ind2=" ">
         <marc:subfield code="a">dc</marc:subfield>
      </marc:datafield>
      <marc:datafield tag="245" ind1="0" ind2="0">
         <marc:subfield code="a">King Saud University Arabic Speech Database</marc:subfield>
      </marc:datafield>
      <marc:datafield tag="264" ind1=" " ind2=" ">
         <marc:subfield code="a">[Philadelphia, Pennsylvania]: </marc:subfield>
         <marc:subfield code="b">Linguistic Data Consortium, </marc:subfield>
         <marc:subfield code="c">[2014]</marc:subfield>
      </marc:datafield>
      <marc:datafield tag="500" ind1=" " ind2=" ">
         <marc:subfield code="a">LDC2014S02</marc:subfield>
      </marc:datafield>
      <marc:datafield tag="500" ind1=" " ind2=" ">
         <marc:subfield code="a">https://catalog.ldc.upenn.edu/LDC2014S02</marc:subfield>
      </marc:datafield>
      <marc:datafield tag="520" ind1=" " ind2=" ">
         <marc:subfield code="a">*Introduction* King Saud University Arabic Speech Database was developed by Speech Group (SG) at King Saud University and contains 590 hours of recorded Arabic speech from 269 male and female speakers. The utterances include read and spontaneous speech. The recordings were conducted in varied environments representing quiet and noisy settings. *Data* The corpus was designed principally for speaker recognition research. However, other possible applications include first language recognition, mobile effect, multichannel effect, and use of different type of microphones. The speech sources are word lists, sentence lists, paragraphs and question and answer sessions. Read speech text includes the following: * Sets of sentences devised to cover allophones of each phoneme, phonetic balance, and differentiation of accents. * Word lists developed to minimize missing phonemes and to represent nasals fricatives, commonly used words, and numbers. * Two paragraphs selected because they included all letters of the alphabet and were easy to read. Spontaneous speech was captured through question and answer sessions where speakers answer questions displayed on screen. The questions were on general topics such as the weather and food and included the speaker name or number. The speakers were Saudis and non-Saudis. Among the non-Saudi participants were Arabs and non-Arabs. All female speakers were either Saudis or non-Saudi Arabs. Male speakers included non-Arabs from the Indian subcontinent, Africa, South East Asia and East Europe. Non-Arab participants were required to be able to read Arabic at an acceptable level. Most of the Non-Arab speakers were from the fourth level in the Arabic Linguistics Institute at King Saud University. The non-Saudi participants represented 28 nationalities and were chosen from clusters of areas or countries. Each speaker was recorded in three different environments: in a soundproof room , in an office and in a cafeteria. The recordings were collected via different microphones and a mobile phone and averaged between 16-19 minutes. The recordings were done in three sessions with a time-gap of an approximately 6 weeks. The data was verified for missing recordings, problems with the recording system or errors in the recording process. All files are presented as two channel 48 kHz 16-bit FLAC compressed PCM wav files. Note that sizes and file names in the documentation are for the uncompressed wav files. *Samples* Please view this male sample and female sample. *Updates* None at this time.</marc:subfield>
      </marc:datafield>
      <marc:datafield tag="546" ind1=" " ind2=" ">
         <marc:subfield code="a">Arabic</marc:subfield>
      </marc:datafield>
      <marc:datafield tag="655" ind1="7" ind2=" ">
         <marc:subfield code="a">Sound</marc:subfield>
         <marc:subfield code="2">DCMI Type</marc:subfield>
      </marc:datafield>
      <marc:datafield tag="700" ind1="1" ind2="0">
         <marc:subfield code="a">Alsulaiman, Mansour</marc:subfield>
      </marc:datafield>
      <marc:datafield tag="700" ind1="1" ind2="0">
         <marc:subfield code="a">Muhammad, Ghulam</marc:subfield>
      </marc:datafield>
      <marc:datafield tag="700" ind1="1" ind2="0">
         <marc:subfield code="a">Abdelkader, Bencherif Mohamed</marc:subfield>
      </marc:datafield>
      <marc:datafield tag="700" ind1="1" ind2="0">
         <marc:subfield code="a">Mahmood, Awais</marc:subfield>
      </marc:datafield>
      <marc:datafield tag="700" ind1="1" ind2="0">
         <marc:subfield code="a">Ali, Zulfiqar</marc:subfield>
      </marc:datafield>
   </marc:record>