
   <marc:record>
      <marc:leader>     nmm a22     3i 4500</marc:leader>
      <marc:controlfield tag="006">m     o  u        </marc:controlfield>
      <marc:controlfield tag="007">cu ||||||u||||</marc:controlfield>
      <marc:controlfield tag="008">      s2014    pau        u        mul d</marc:controlfield>
      <marc:datafield tag="020" ind1=" " ind2=" ">
         <marc:subfield code="a">1585636754</marc:subfield>
      </marc:datafield>
      <marc:datafield tag="024" ind1="8" ind2=" ">
         <marc:subfield code="a">LDC2014T06</marc:subfield>
      </marc:datafield>
      <marc:datafield tag="024" ind1="8" ind2=" ">
         <marc:subfield code="a">ISLRN: 640-546-772-297-1</marc:subfield>
      </marc:datafield>
      <marc:datafield tag="042" ind1=" " ind2=" ">
         <marc:subfield code="a">dc</marc:subfield>
      </marc:datafield>
      <marc:datafield tag="245" ind1="0" ind2="0">
         <marc:subfield code="a">ETS Corpus of Non-Native Written English</marc:subfield>
      </marc:datafield>
      <marc:datafield tag="264" ind1=" " ind2=" ">
         <marc:subfield code="a">[Philadelphia, Pennsylvania]: </marc:subfield>
         <marc:subfield code="b">Linguistic Data Consortium, </marc:subfield>
         <marc:subfield code="c">[2014]</marc:subfield>
      </marc:datafield>
      <marc:datafield tag="500" ind1=" " ind2=" ">
         <marc:subfield code="a">LDC2014T06</marc:subfield>
      </marc:datafield>
      <marc:datafield tag="500" ind1=" " ind2=" ">
         <marc:subfield code="a">https://catalog.ldc.upenn.edu/LDC2014T06</marc:subfield>
      </marc:datafield>
      <marc:datafield tag="520" ind1=" " ind2=" ">
         <marc:subfield code="a">*Introduction* ETS Corpus of Non-Native Written English was developed by Educational Testing Service and is comprised of 12,100 English essays written by speakers of 11 non-English native languages as part of an international test of academic English proficiency, TOEFL (Test of English as a Foreign Language). The test includes reading, writing, listening, and speaking sections and is delivered by computer in a secure test center. This release contains 1,100 essays for each of the 11 native languages sampled from eight topics with information about the score level (low/medium/high) for each essay. The corpus was developed with the specific task of native language identification in mind, but is likely to support tasks and studies in the educational domain, including grammatical error detection and correction and automatic essay scoring, in addition to a broad range of research studies in the fields of natural language processing and corpus linguistics. For the task of native language identification, the following division is recommended: 82% as training data, 9% as development data and 9% as test data, split according to the file IDs accompanying the data set. *Data* The data is sampled from essays written in 2006 and 2007 by test takers whose native languages were Arabic, Chinese, French, German, Hindi, Italian, Japanese, Korean, Spanish, Telugu, and Turkish. The essays are presented in both original raw and tokenized forms and presented in UTF-8 formatted text files. Also included are the prompts (topics) for the essays and metadata about the test takers' proficiency level. *Samples* Please view this original and tokenized samples. *Updates* In July 2014, 1,100 files were added to the corpus, bringing the total number of tokenized and original files to 12,100. All copies distributed after that date contain the full data set.</marc:subfield>
      </marc:datafield>
      <marc:datafield tag="546" ind1=" " ind2=" ">
         <marc:subfield code="a">English</marc:subfield>
      </marc:datafield>
      <marc:datafield tag="655" ind1="7" ind2=" ">
         <marc:subfield code="a">Text</marc:subfield>
         <marc:subfield code="2">DCMI Type</marc:subfield>
      </marc:datafield>
      <marc:datafield tag="700" ind1="1" ind2="0">
         <marc:subfield code="a">Blanchard, Daniel</marc:subfield>
      </marc:datafield>
      <marc:datafield tag="700" ind1="1" ind2="0">
         <marc:subfield code="a">Tetreault, Joel</marc:subfield>
      </marc:datafield>
      <marc:datafield tag="700" ind1="1" ind2="0">
         <marc:subfield code="a">Higgins, Derrick</marc:subfield>
      </marc:datafield>
      <marc:datafield tag="700" ind1="1" ind2="0">
         <marc:subfield code="a">Cahill, Aoife</marc:subfield>
      </marc:datafield>
      <marc:datafield tag="700" ind1="1" ind2="0">
         <marc:subfield code="a">Chodorow, Martin</marc:subfield>
      </marc:datafield>
   </marc:record>