
   <marc:record>
      <marc:leader>     nmm a22     3i 4500</marc:leader>
      <marc:controlfield tag="006">m     o  u        </marc:controlfield>
      <marc:controlfield tag="007">cu ||||||u||||</marc:controlfield>
      <marc:controlfield tag="008">      s2014    pau        u        mul d</marc:controlfield>
      <marc:datafield tag="024" ind1="8" ind2=" ">
         <marc:subfield code="a">LDC2014S04</marc:subfield>
      </marc:datafield>
      <marc:datafield tag="024" ind1="8" ind2=" ">
         <marc:subfield code="a">ISLRN: 310-213-848-753-5</marc:subfield>
      </marc:datafield>
      <marc:datafield tag="042" ind1=" " ind2=" ">
         <marc:subfield code="a">dc</marc:subfield>
      </marc:datafield>
      <marc:datafield tag="245" ind1="0" ind2="0">
         <marc:subfield code="a">USC-SFI MALACH Interviews and Transcripts Czech</marc:subfield>
      </marc:datafield>
      <marc:datafield tag="264" ind1=" " ind2=" ">
         <marc:subfield code="a">[Philadelphia, Pennsylvania]: </marc:subfield>
         <marc:subfield code="b">Linguistic Data Consortium, </marc:subfield>
         <marc:subfield code="c">[2014]</marc:subfield>
      </marc:datafield>
      <marc:datafield tag="500" ind1=" " ind2=" ">
         <marc:subfield code="a">LDC2014S04</marc:subfield>
      </marc:datafield>
      <marc:datafield tag="500" ind1=" " ind2=" ">
         <marc:subfield code="a">https://catalog.ldc.upenn.edu/LDC2014S04</marc:subfield>
      </marc:datafield>
      <marc:datafield tag="520" ind1=" " ind2=" ">
         <marc:subfield code="a">*Introduction* USC-SFI MALACH Interviews and Transcripts Czech was developed by The University of Southern California Shoah Foundation Institute (USC-SFI) and the University of West Bohemia as part of the MALACH (Multilingual Access to Large Spoken ArCHives) Project. It contains approximately 229 hours of interviews from 420 interviewees along with transcripts and other documentation. Inspired by his experience making Schindlers List, Steven Spielberg established the Survivors of the Shoah Visual History Foundation in 1994 to gather video testimonies from survivors and other witnesses of the Holocaust. While most of those who gave testimony were Jewish survivors, the Foundation also interviewed homosexual survivors, Jehovahs Witness survivors, liberators and liberation witnesses, political prisoners, rescuers and aid providers, Roma and Sinti (Gypsy) survivors, survivors of eugenics policies, and war crimes trials participants. Within several years, the Visual History Archive held nearly 52,000 video testimonies in 32 languages representing 56 countries. It is the largest archive of its kind in the world. In 2006, the Foundation became part of the Dana and David Dornsife College of Letters, Arts and Sciences at the University of Southern California in Los Angeles and was renamed as the USC Shoah Foundation Institute for Visual History and Education. The goal of the MALACH project was to develop methods for improved access to large multinational spoken archives. The focus was advancing the state of the art of automatic speech recognition and information retrieval. The characteristics of the USC-SFI collection -- unconstrained, natural speech filled with disfluencies, heavy accents, age-related coarticulations, un-cued speaker and language switching and emotional speech -- were considered well-suited for that task. The work centered on five languages: English, Czech, Russian, Polish and Slovak. USC-SFI MALACH Interviews and Transcripts Czech was developed for the Czech speech recognition experiments. LDC has also released USC-SFI MALACH Interviews and Transcripts English (LDC2012S05). *Data* The speech data in this release was collected beginning in 1994 under a wide variety of conditions ranging from quiet to noisy (e.g., airplane overflights, wind noise, background conversations and highway noise). Original interviews were recorded on Sony Beta SP tapes, then digitized into a 3 MB/s MPEG-1 stream with 128 kb/s (44 kHz) stereo audio. The sound files in this release are single channel FLAC compressed PCM WAV format at a sampling frequency of 16 kHz. Approximately 570 of all USC-SFI collected interviews are in Czech and average approximately 2.25 hours each. The interviews sessions in this release are divided into a training set (400 interviews) and a test set (20 interviews). The first fifteen minutes of the second tape from each training interview (approximately 30 total minutes of speech) were transcribed in .trs format using Transcriber 1.5.1. The test interviews were transcribed completely. Thus the corpus consists of 229 hours of speech (186 hours of training material plus 43 hours of test data) with 143 hours transcribed (100 hours of training material plus 43 hours of test data). Certain interviews include speech from family members in addition to that of the subject and the interviewer. Accordingly, the corpus contains speech from more than 420 speakers, who are more or less equally distributed between males and females. *Samples* Please view this audio sample and transcript . *Updates* None at this time.</marc:subfield>
      </marc:datafield>
      <marc:datafield tag="546" ind1=" " ind2=" ">
         <marc:subfield code="a">Czech</marc:subfield>
      </marc:datafield>
      <marc:datafield tag="655" ind1="7" ind2=" ">
         <marc:subfield code="a">Sound</marc:subfield>
         <marc:subfield code="2">DCMI Type</marc:subfield>
      </marc:datafield>
      <marc:datafield tag="655" ind1="7" ind2=" ">
         <marc:subfield code="a">Text</marc:subfield>
         <marc:subfield code="2">DCMI Type</marc:subfield>
      </marc:datafield>
      <marc:datafield tag="700" ind1="1" ind2="0">
         <marc:subfield code="a">Psutka, Josef V.</marc:subfield>
      </marc:datafield>
      <marc:datafield tag="700" ind1="1" ind2="0">
         <marc:subfield code="a">Psutka, Josef</marc:subfield>
      </marc:datafield>
      <marc:datafield tag="700" ind1="1" ind2="0">
         <marc:subfield code="a">Vlasta, Radov</marc:subfield>
      </marc:datafield>
      <marc:datafield tag="700" ind1="1" ind2="0">
         <marc:subfield code="a">Ircing, Pavel</marc:subfield>
      </marc:datafield>
      <marc:datafield tag="700" ind1="1" ind2="0">
         <marc:subfield code="a">Jindich, Matouek</marc:subfield>
      </marc:datafield>
      <marc:datafield tag="700" ind1="1" ind2="0">
         <marc:subfield code="a">Ludk, Mller</marc:subfield>
      </marc:datafield>
   </marc:record>