
   <marc:record>
      <marc:leader>     nmm a22     3i 4500</marc:leader>
      <marc:controlfield tag="006">m     o  u        </marc:controlfield>
      <marc:controlfield tag="007">cu ||||||u||||</marc:controlfield>
      <marc:controlfield tag="008">      s2014    pau        u        mul d</marc:controlfield>
      <marc:datafield tag="020" ind1=" " ind2=" ">
         <marc:subfield code="a">1585636762</marc:subfield>
      </marc:datafield>
      <marc:datafield tag="024" ind1="8" ind2=" ">
         <marc:subfield code="a">LDC2014T08</marc:subfield>
      </marc:datafield>
      <marc:datafield tag="024" ind1="8" ind2=" ">
         <marc:subfield code="a">ISLRN: 826-696-438-989-2</marc:subfield>
      </marc:datafield>
      <marc:datafield tag="042" ind1=" " ind2=" ">
         <marc:subfield code="a">dc</marc:subfield>
      </marc:datafield>
      <marc:datafield tag="245" ind1="0" ind2="0">
         <marc:subfield code="a">GALE Arabic-English Parallel Aligned Treebank -- Web Training</marc:subfield>
      </marc:datafield>
      <marc:datafield tag="264" ind1=" " ind2=" ">
         <marc:subfield code="a">[Philadelphia, Pennsylvania]: </marc:subfield>
         <marc:subfield code="b">Linguistic Data Consortium, </marc:subfield>
         <marc:subfield code="c">[2014]</marc:subfield>
      </marc:datafield>
      <marc:datafield tag="500" ind1=" " ind2=" ">
         <marc:subfield code="a">LDC2014T08</marc:subfield>
      </marc:datafield>
      <marc:datafield tag="500" ind1=" " ind2=" ">
         <marc:subfield code="a">https://catalog.ldc.upenn.edu/LDC2014T08</marc:subfield>
      </marc:datafield>
      <marc:datafield tag="520" ind1=" " ind2=" ">
         <marc:subfield code="a">GALE Arabic-English Parallel Aligned Treebank -- Web Training was developed by the Linguistic Data Consortium (LDC) and contains 69,766 tokens of word aligned Arabic and English parallel text with treebank annotations. This material was used as training data in the DARPA GALE (Global Autonomous Language Exploitation) program. Parallel aligned treebanks are treebanks annotated with morphological and syntactic structures aligned at the sentence level and the sub-sentence level. Such data sets are useful for natural language processing and related fields, including automatic word alignment system training and evaluation, transfer-rule extraction, word sense disambiguation, translation lexicon extraction and cultural heritage and cross-linguistic studies. With respect to machine translation system development, parallel aligned treebanks may improve system performance with enhanced syntactic parsers, better rules and knowledge about language pairs and reduced word error rate. In this release, the source Arabic data was translated into English. Arabic and English treebank annotations were performed independently. The parallel texts were then word aligned. LDC previously released Arabic-English Parallel Aligned Treebanks as follows: * Newswire * Broadcast News Part 1 * Broadcast News Part 2 *Data* This release consists of Arabic source web data (newsgroups, weblogs) collected by LDC in 2004 and 2005. All data is encoded as UTF-8. A count of files, words, tokens and segments is below. Language Files Words Tokens Segments Arabic 162 46,710 69,766 3,178 Note: Word count is based on the untokenized Arabic source, token count is based on the ATB-tokenized Arabic source. The purpose of the GALE word alignment task was to find correspondences between words, phrases or groups of words in a set of parallel texts. Arabic-English word alignment annotation consisted of the following tasks: * Identifying different types of links: translated (correct or incorrect) and not translated (correct or incorrect) * Identifying sentence segments not suitable for annotation, e.g., blank segments, incorrectly-segmented segments, segments with foreign languages * Tagging unmatched words attached to other words or phrases This release contains four types of files - raw, tokenized, treebank, and wa. The raw format contains the original Arabic and English sentences without any annotation. The tokenized format is the treebank tokenized version of the raw data. It may contain Empty Category tokens (treebank leaves that have the POS label -NONE-). The treebank and wa files are treebank and word alignment annotations on the tokenized files. *Samples* Please view the following samples: * English Raw * English Token * English Treebank * Arabic Raw * Arabic Token * Arabic Treebank * Word Alignment *Sponsorship* This work was supported in part by the Defense Advanced Research Projects Agency, GALE Program Grant No. HR0011-06-1-0003. The content of this publication does not necessarily reflect the position or the policy of the Government, and no official endorsement should be inferred. *Updates* None at this time.</marc:subfield>
      </marc:datafield>
      <marc:datafield tag="546" ind1=" " ind2=" ">
         <marc:subfield code="a">English</marc:subfield>
      </marc:datafield>
      <marc:datafield tag="546" ind1=" " ind2=" ">
         <marc:subfield code="a">Standard Arabic</marc:subfield>
      </marc:datafield>
      <marc:datafield tag="546" ind1=" " ind2=" ">
         <marc:subfield code="a">Arabic</marc:subfield>
      </marc:datafield>
      <marc:datafield tag="655" ind1="7" ind2=" ">
         <marc:subfield code="a">Text</marc:subfield>
         <marc:subfield code="2">DCMI Type</marc:subfield>
      </marc:datafield>
      <marc:datafield tag="700" ind1="1" ind2="0">
         <marc:subfield code="a">Li, Xuansong</marc:subfield>
      </marc:datafield>
      <marc:datafield tag="700" ind1="1" ind2="0">
         <marc:subfield code="a">Grimes, Stephen</marc:subfield>
      </marc:datafield>
      <marc:datafield tag="700" ind1="1" ind2="0">
         <marc:subfield code="a">Ismael, Safa</marc:subfield>
      </marc:datafield>
      <marc:datafield tag="700" ind1="1" ind2="0">
         <marc:subfield code="a">Strassel, Stephanie</marc:subfield>
      </marc:datafield>
      <marc:datafield tag="700" ind1="1" ind2="0">
         <marc:subfield code="a">Maamouri, Mohamed</marc:subfield>
      </marc:datafield>
      <marc:datafield tag="700" ind1="1" ind2="0">
         <marc:subfield code="a">Bies, Ann</marc:subfield>
      </marc:datafield>
   </marc:record>