
   <marc:record>
      <marc:leader>     nmm a22     3i 4500</marc:leader>
      <marc:controlfield tag="006">m     o  u        </marc:controlfield>
      <marc:controlfield tag="007">cu ||||||u||||</marc:controlfield>
      <marc:controlfield tag="008">      s2014    pau        u        mul d</marc:controlfield>
      <marc:datafield tag="020" ind1=" " ind2=" ">
         <marc:subfield code="a">1585636789</marc:subfield>
      </marc:datafield>
      <marc:datafield tag="024" ind1="8" ind2=" ">
         <marc:subfield code="a">LDC2014T09</marc:subfield>
      </marc:datafield>
      <marc:datafield tag="024" ind1="8" ind2=" ">
         <marc:subfield code="a">ISLRN: 811-846-772-709-6</marc:subfield>
      </marc:datafield>
      <marc:datafield tag="042" ind1=" " ind2=" ">
         <marc:subfield code="a">dc</marc:subfield>
      </marc:datafield>
      <marc:datafield tag="245" ind1="0" ind2="0">
         <marc:subfield code="a">HyTER Networks of Selected OpenMT08/09 Sentences</marc:subfield>
      </marc:datafield>
      <marc:datafield tag="264" ind1=" " ind2=" ">
         <marc:subfield code="a">[Philadelphia, Pennsylvania]: </marc:subfield>
         <marc:subfield code="b">Linguistic Data Consortium, </marc:subfield>
         <marc:subfield code="c">[2014]</marc:subfield>
      </marc:datafield>
      <marc:datafield tag="500" ind1=" " ind2=" ">
         <marc:subfield code="a">LDC2014T09</marc:subfield>
      </marc:datafield>
      <marc:datafield tag="500" ind1=" " ind2=" ">
         <marc:subfield code="a">https://catalog.ldc.upenn.edu/LDC2014T09</marc:subfield>
      </marc:datafield>
      <marc:datafield tag="520" ind1=" " ind2=" ">
         <marc:subfield code="a">*Introduction* HyTER Networks of Selected OpenMT08/09 Progress Set Sentences was developed by SDL and contains HyTER (Hybrid Translation Edit Rate) networks for 102 selected source Arabic and Chinese sentences from OpenMT08 and OpenMT09 Progress Set data. HyTER is an evaluation metric based on large reference networks created by an annotation tool that allows users to develop an exponential number of correct translations for a given sentence. Reference networks can be used as a foundation for developing improved machine translation evaluation metrics and for automating the evaluation of human translation efficiency. *Data* The source material is comprised of Arabic and Chinese newswire and web data collected by LDC in 2007. Annotators created meaning-equivalent annotations under three annotation protocols. In the first protocol, foreign language native speakers built English networks starting from foreign language sentences. In the second, English native speakers built English networks from the best translation of a foreign language sentence as identified by NIST (National Institute of Standards and Technology). In the third protocol, English native speakers built English networks starting from the best translation, but those annotators also had access to three additional, independently produced human translations. Networks created by different annotators for each sentence were combined and evaluated. This release includes the source sentences and four human reference translations produced by LDC in XML format, along with five machine translation system outputs representing a variety of system architectures and performance, and the human post-edited output of those systems also presented in XML. *Samples* Please view this FST sample and Reference XML sample. *Updates* None at this time.</marc:subfield>
      </marc:datafield>
      <marc:datafield tag="546" ind1=" " ind2=" ">
         <marc:subfield code="a">English</marc:subfield>
      </marc:datafield>
      <marc:datafield tag="546" ind1=" " ind2=" ">
         <marc:subfield code="a">Mandarin Chinese</marc:subfield>
      </marc:datafield>
      <marc:datafield tag="546" ind1=" " ind2=" ">
         <marc:subfield code="a">Arabic</marc:subfield>
      </marc:datafield>
      <marc:datafield tag="546" ind1=" " ind2=" ">
         <marc:subfield code="a">Chinese</marc:subfield>
      </marc:datafield>
      <marc:datafield tag="655" ind1="7" ind2=" ">
         <marc:subfield code="a">Text</marc:subfield>
         <marc:subfield code="2">DCMI Type</marc:subfield>
      </marc:datafield>
      <marc:datafield tag="700" ind1="1" ind2="0">
         <marc:subfield code="a">Dreyer, Markus</marc:subfield>
      </marc:datafield>
      <marc:datafield tag="700" ind1="1" ind2="0">
         <marc:subfield code="a">Marcu, Daniel</marc:subfield>
      </marc:datafield>
   </marc:record>