
   <marc:record>
      <marc:leader>     nmm a22     3i 4500</marc:leader>
      <marc:controlfield tag="006">m     o  u        </marc:controlfield>
      <marc:controlfield tag="007">cu ||||||u||||</marc:controlfield>
      <marc:controlfield tag="008">      s2014    pau        u        mul d</marc:controlfield>
      <marc:datafield tag="020" ind1=" " ind2=" ">
         <marc:subfield code="a">1585636851</marc:subfield>
      </marc:datafield>
      <marc:datafield tag="024" ind1="8" ind2=" ">
         <marc:subfield code="a">LDC2014T16</marc:subfield>
      </marc:datafield>
      <marc:datafield tag="024" ind1="8" ind2=" ">
         <marc:subfield code="a">ISLRN: 043-495-621-872-3</marc:subfield>
      </marc:datafield>
      <marc:datafield tag="042" ind1=" " ind2=" ">
         <marc:subfield code="a">dc</marc:subfield>
      </marc:datafield>
      <marc:datafield tag="245" ind1="0" ind2="0">
         <marc:subfield code="a">TAC KBP Reference Knowledge Base</marc:subfield>
      </marc:datafield>
      <marc:datafield tag="264" ind1=" " ind2=" ">
         <marc:subfield code="a">[Philadelphia, Pennsylvania]: </marc:subfield>
         <marc:subfield code="b">Linguistic Data Consortium, </marc:subfield>
         <marc:subfield code="c">[2014]</marc:subfield>
      </marc:datafield>
      <marc:datafield tag="500" ind1=" " ind2=" ">
         <marc:subfield code="a">LDC2014T16</marc:subfield>
      </marc:datafield>
      <marc:datafield tag="500" ind1=" " ind2=" ">
         <marc:subfield code="a">https://catalog.ldc.upenn.edu/LDC2014T16</marc:subfield>
      </marc:datafield>
      <marc:datafield tag="520" ind1=" " ind2=" ">
         <marc:subfield code="a">*Introduction* TAC KBP Reference Knowledge Base was developed by the Linguistic Data Consortium (LDC) in support of the NIST-sponsored TAC-KBP evaluation series. It is a knowledge base built from English Wikipedia articles and their associated infoboxes and covers over 800,000 entities. LDC also released TAC KBP Spanish Cross-lingual Entity Linking - Comprehensive Training and Evaluation Data 2012-2014 (LDC2016T26.) TAC (Text Analysis Conference) is a series of workshops organized by NIST (the National Institute of Standards and Technology) to encourage research in natural language processing and related applications by providing a large test collection, common evaluation procedures, and a forum for researchers to share their results. TAC's KBP track (Knowledge Base Population) encourages the development of systems that can match entities mentioned in natural texts with those appearing in a knowledge base and extract novel information about entities from a document collection and add it to a new or existing knowledge base. Consult the LDC TAC-KBP project page for further information about LDC's resource development for the TAC-KBP program. *Data* The source data (Wikipedia infoboxes and articles) was taken from an October 2008 snapshot of Wikipedia. TAC KBP Reference Knowledge Base contains a set of entities, each with a canonical name and title for the Wikipedia page, an entity type, an automatically parsed version of the data from the infobox in the entity's Wikipedia article, and a stripped version of the text of the Wiki article. Each entity is assigned one of four types: PER (person), ORG (organization), GPE (geo-political entity) and UKN (unknown). All data files are presented as UTF-8 encoded XML. *Samples* Please view the following sample. *Updates* None at this time.</marc:subfield>
      </marc:datafield>
      <marc:datafield tag="546" ind1=" " ind2=" ">
         <marc:subfield code="a">English</marc:subfield>
      </marc:datafield>
      <marc:datafield tag="655" ind1="7" ind2=" ">
         <marc:subfield code="a">Text</marc:subfield>
         <marc:subfield code="2">DCMI Type</marc:subfield>
      </marc:datafield>
      <marc:datafield tag="700" ind1="1" ind2="0">
         <marc:subfield code="a">Simpson, Heather</marc:subfield>
      </marc:datafield>
      <marc:datafield tag="700" ind1="1" ind2="0">
         <marc:subfield code="a">Ellis, Joe</marc:subfield>
      </marc:datafield>
      <marc:datafield tag="700" ind1="1" ind2="0">
         <marc:subfield code="a">Parker, Robert</marc:subfield>
      </marc:datafield>
      <marc:datafield tag="700" ind1="1" ind2="0">
         <marc:subfield code="a">Strassel, Stephanie</marc:subfield>
      </marc:datafield>
   </marc:record>