
   <marc:record>
      <marc:leader>     nmm a22     3i 4500</marc:leader>
      <marc:controlfield tag="006">m     o  u        </marc:controlfield>
      <marc:controlfield tag="007">cu ||||||u||||</marc:controlfield>
      <marc:controlfield tag="008">      s2014    pau        u        mul d</marc:controlfield>
      <marc:datafield tag="020" ind1=" " ind2=" ">
         <marc:subfield code="a">1585636940</marc:subfield>
      </marc:datafield>
      <marc:datafield tag="024" ind1="8" ind2=" ">
         <marc:subfield code="a">LDC2014T23</marc:subfield>
      </marc:datafield>
      <marc:datafield tag="024" ind1="8" ind2=" ">
         <marc:subfield code="a">ISLRN: 221-795-248-256-0</marc:subfield>
      </marc:datafield>
      <marc:datafield tag="042" ind1=" " ind2=" ">
         <marc:subfield code="a">dc</marc:subfield>
      </marc:datafield>
      <marc:datafield tag="245" ind1="0" ind2="0">
         <marc:subfield code="a">Fisher and CALLHOME Spanish--English Speech Translation</marc:subfield>
      </marc:datafield>
      <marc:datafield tag="264" ind1=" " ind2=" ">
         <marc:subfield code="a">[Philadelphia, Pennsylvania]: </marc:subfield>
         <marc:subfield code="b">Linguistic Data Consortium, </marc:subfield>
         <marc:subfield code="c">[2014]</marc:subfield>
      </marc:datafield>
      <marc:datafield tag="500" ind1=" " ind2=" ">
         <marc:subfield code="a">LDC2014T23</marc:subfield>
      </marc:datafield>
      <marc:datafield tag="500" ind1=" " ind2=" ">
         <marc:subfield code="a">https://catalog.ldc.upenn.edu/LDC2014T23</marc:subfield>
      </marc:datafield>
      <marc:datafield tag="520" ind1=" " ind2=" ">
         <marc:subfield code="a">*Introduction* Fisher and CALLHOME Spanish-English Speech Translation was developed at Johns Hopkins University and contains English reference translations and speech recognizer output (in various forms) that complement the LDC Fisher Spanish (LDC2010T04) and CALLHOME Spanish audio and transcript releases (LDC96T17). Together, they make a four-way parallel text dataset representing approximately 38 hours of speech, with defined training, development, and held-out test sets. *Data* The source data are the Fisher Spanish and CALLOME Spanish corpora developed by LDC, comprising transcribed telephone conversations between (mostly native) Spanish speakers in a variety of dialects. The Fisher Spanish data set consists of 819 transcribed conversations on an assortment of provided topics primarily between strangers, resulting in approximately 160 hours of speech aligned at the utterance level, with 1.5 million tokens. The CALLHOME Spanish corpus comprises 120 transcripts of spontaneous conversations primarily between friends and family members, resulting in approximately 20 hours of speech aligned at the utterance level, with just over 200,000 words (tokens) of transcribed text. Translations were obtained by crowdsourcing using Amazon's Mechanical Turk, after which the data was split into training, development, and test sets. The CALLHOME data set defines its own data splits, organized into train, devtest, and evltest, which were retained here. For the Fisher material, four data splits were produced: a large training section and three test sets. These test sets correspond to portions of the data where four translations exist. *Samples* Please view this corpus and mapping sample. *Updates* None at this time.</marc:subfield>
      </marc:datafield>
      <marc:datafield tag="546" ind1=" " ind2=" ">
         <marc:subfield code="a">Spanish</marc:subfield>
      </marc:datafield>
      <marc:datafield tag="546" ind1=" " ind2=" ">
         <marc:subfield code="a">English</marc:subfield>
      </marc:datafield>
      <marc:datafield tag="655" ind1="7" ind2=" ">
         <marc:subfield code="a">Text</marc:subfield>
         <marc:subfield code="2">DCMI Type</marc:subfield>
      </marc:datafield>
      <marc:datafield tag="700" ind1="1" ind2="0">
         <marc:subfield code="a">Post, Matt</marc:subfield>
      </marc:datafield>
      <marc:datafield tag="700" ind1="1" ind2="0">
         <marc:subfield code="a">Kumar, Gaurav</marc:subfield>
      </marc:datafield>
      <marc:datafield tag="700" ind1="1" ind2="0">
         <marc:subfield code="a">Lopez, Adam</marc:subfield>
      </marc:datafield>
      <marc:datafield tag="700" ind1="1" ind2="0">
         <marc:subfield code="a">Karakos, Damianos</marc:subfield>
      </marc:datafield>
      <marc:datafield tag="700" ind1="1" ind2="0">
         <marc:subfield code="a">Callison-Burch, Chris</marc:subfield>
      </marc:datafield>
      <marc:datafield tag="700" ind1="1" ind2="0">
         <marc:subfield code="a">Khudanpur, Sanjeev</marc:subfield>
      </marc:datafield>
   </marc:record>