
   <marc:record>
      <marc:leader>     nmm a22     3i 4500</marc:leader>
      <marc:controlfield tag="006">m     o  u        </marc:controlfield>
      <marc:controlfield tag="007">cu ||||||u||||</marc:controlfield>
      <marc:controlfield tag="008">      s2014    pau        u        mul d</marc:controlfield>
      <marc:datafield tag="020" ind1=" " ind2=" ">
         <marc:subfield code="a">1585636983</marc:subfield>
      </marc:datafield>
      <marc:datafield tag="024" ind1="8" ind2=" ">
         <marc:subfield code="a">LDC2014T27</marc:subfield>
      </marc:datafield>
      <marc:datafield tag="024" ind1="8" ind2=" ">
         <marc:subfield code="a">ISLRN: 911-510-844-212-7</marc:subfield>
      </marc:datafield>
      <marc:datafield tag="042" ind1=" " ind2=" ">
         <marc:subfield code="a">dc</marc:subfield>
      </marc:datafield>
      <marc:datafield tag="245" ind1="0" ind2="0">
         <marc:subfield code="a">Benchmarks for Open Relation Extraction</marc:subfield>
      </marc:datafield>
      <marc:datafield tag="264" ind1=" " ind2=" ">
         <marc:subfield code="a">[Philadelphia, Pennsylvania]: </marc:subfield>
         <marc:subfield code="b">Linguistic Data Consortium, </marc:subfield>
         <marc:subfield code="c">[2014]</marc:subfield>
      </marc:datafield>
      <marc:datafield tag="500" ind1=" " ind2=" ">
         <marc:subfield code="a">LDC2014T27</marc:subfield>
      </marc:datafield>
      <marc:datafield tag="500" ind1=" " ind2=" ">
         <marc:subfield code="a">https://catalog.ldc.upenn.edu/LDC2014T27</marc:subfield>
      </marc:datafield>
      <marc:datafield tag="520" ind1=" " ind2=" ">
         <marc:subfield code="a">* Introduction* Benchmarks for Open Relation Extraction was developed by the University of Alberta and contains annotations for approximately 14,000 sentences from The New York Times Annotated Corpus (LDC2008T19) and Treebank-3 (LDC99T42). This corpus was designed to contain benchmarks for the task of open relation extraction (ORE), along with sample extractions from ORE methods and evaluation scripts for computing a method's precision and recall. ORE attempts to extract as many relations as described in a corpus without relying on relation-specific training data. The traditional approach to relation extraction requires substantial training effort for each relation of interest. That can be unpractical for massive collections such as found on the web. Open relation extraction offers an alternative by extracting unseen relations as they come. It does not require training data for any particular relation, making it suitable for applications that require a large (or even unknown) number of relations. Results published in ORE literature are often not comparable due to the lack of reusable annotations and differences in evaluation methodology. The goal of this benchmark data set is to provide annotations that are flexible and can be used to evaluate a wide range of methods. *Data* Binary and n-ary relations were extracted from the text sources. Sentences were annotated for binary relations manually and automatically. In the manual sentence annotation, two entities and a trigger (a single token indicating a relation) were identified for the relation between them, if one existed. A window of tokens allowed to be in a relation was specified; that included modifiers of the trigger and prepositions connecting triggers to their arguments. For each sentence annotated with two entities, a system must extract a string representing the relation between them. The evaluation method deemed an extraction as correct if it contained the trigger and allowed tokens only. The automatic annotator identified pairs of entities and a trigger of the relation between them; the evaluation script for that experiment deemed an extraction correct if it contained the annotated trigger. For n-ary relations, sentences were annotated with one relation trigger and all of its arguments. An extracted argument was deemed correct if it was annotated in the sentence. This release also includes extractions from the following ORE methods: ReVerb, SONEX, OLLIE, PATTY, TreeKernel, SwiRL, Lund and EXEMPLAR. Evaluation scripts are also provided for computing a method's precision and recall. *Samples* Please view this sample. *Updates* None at this time.</marc:subfield>
      </marc:datafield>
      <marc:datafield tag="546" ind1=" " ind2=" ">
         <marc:subfield code="a">English</marc:subfield>
      </marc:datafield>
      <marc:datafield tag="655" ind1="7" ind2=" ">
         <marc:subfield code="a">Text</marc:subfield>
         <marc:subfield code="2">DCMI Type</marc:subfield>
      </marc:datafield>
      <marc:datafield tag="700" ind1="1" ind2="0">
         <marc:subfield code="a">Mesquita, Filipe</marc:subfield>
      </marc:datafield>
      <marc:datafield tag="700" ind1="1" ind2="0">
         <marc:subfield code="a">Schmidek, Jordan</marc:subfield>
      </marc:datafield>
      <marc:datafield tag="700" ind1="1" ind2="0">
         <marc:subfield code="a">Barbosa, Denilson</marc:subfield>
      </marc:datafield>
   </marc:record>