
   <marc:record>
      <marc:leader>     nmm a22     3i 4500</marc:leader>
      <marc:controlfield tag="006">m     o  u        </marc:controlfield>
      <marc:controlfield tag="007">cu ||||||u||||</marc:controlfield>
      <marc:controlfield tag="008">      s2015    pau        u        mul d</marc:controlfield>
      <marc:datafield tag="020" ind1=" " ind2=" ">
         <marc:subfield code="a">1585637017</marc:subfield>
      </marc:datafield>
      <marc:datafield tag="024" ind1="8" ind2=" ">
         <marc:subfield code="a">LDC2015T02</marc:subfield>
      </marc:datafield>
      <marc:datafield tag="024" ind1="8" ind2=" ">
         <marc:subfield code="a">ISLRN: 969-347-223-333-4</marc:subfield>
      </marc:datafield>
      <marc:datafield tag="042" ind1=" " ind2=" ">
         <marc:subfield code="a">dc</marc:subfield>
      </marc:datafield>
      <marc:datafield tag="245" ind1="0" ind2="0">
         <marc:subfield code="a">SenSem Databank</marc:subfield>
      </marc:datafield>
      <marc:datafield tag="264" ind1=" " ind2=" ">
         <marc:subfield code="a">[Philadelphia, Pennsylvania]: </marc:subfield>
         <marc:subfield code="b">Linguistic Data Consortium, </marc:subfield>
         <marc:subfield code="c">[2015]</marc:subfield>
      </marc:datafield>
      <marc:datafield tag="500" ind1=" " ind2=" ">
         <marc:subfield code="a">LDC2015T02</marc:subfield>
      </marc:datafield>
      <marc:datafield tag="500" ind1=" " ind2=" ">
         <marc:subfield code="a">https://catalog.ldc.upenn.edu/LDC2015T02</marc:subfield>
      </marc:datafield>
      <marc:datafield tag="520" ind1=" " ind2=" ">
         <marc:subfield code="a">*Introduction* SenSem (Sentence Semantics) Databank was developed by GRIAL, the Linguistic Applications Inter-University Research Group that includes the following Spanish institutions: the Universitat Autonoma de Barcelona, the Universitat de Barcelona, the Universitat de Lleida and the Universitat Oberta de Catalunya. It contains syntactic and semantic annotation for over 35,000 sentences, approximately one million words of Spanish and approximately 700,000 words of Catalan translated from the Spanish. GRIAL's work focuses on resources for applied linguistics, including lexicography, translation and natural language processing. Each sentence in SenSem Databank was labeled according to the verb sense it exemplifies, the type of complement it takes (arguments or adjuncts) and the syntactic category and function. Each argument was also labeled with a semantic role. Further information about the SenSem project can be obtained from the GRIAL website at http://grial.uab.es/sensem/corpus. *Data* The Spanish source data includes texts from news journals (30,000 sentences) and novels (5,299 sentences). Those sentences represent around 1,000 different verb meanings that correspond to the 250 most frequent Spanish verbs. Verb frequencies were retrieved from a quantitative analysis of around 13 million words. The Catalan corpus was developed by translating the news journal portion of the Spanish data set, resulting in a resource of over 700,000 sentences from which 391,267 sentences were annotated. Sentences were automatically translated and manually post-edited; some were re-annotated for sentence complements. Semantic information was the same for both languages. The Catalan sentences represent close to 1,300 different verbs. Data is presented in a single XML file per language. *Samples* Please view this sample. *Updates* None at this time.</marc:subfield>
      </marc:datafield>
      <marc:datafield tag="546" ind1=" " ind2=" ">
         <marc:subfield code="a">Spanish</marc:subfield>
      </marc:datafield>
      <marc:datafield tag="546" ind1=" " ind2=" ">
         <marc:subfield code="a">Catalan</marc:subfield>
      </marc:datafield>
      <marc:datafield tag="655" ind1="7" ind2=" ">
         <marc:subfield code="a">Text</marc:subfield>
         <marc:subfield code="2">DCMI Type</marc:subfield>
      </marc:datafield>
      <marc:datafield tag="700" ind1="1" ind2="0">
         <marc:subfield code="a">Fernndez, Ana</marc:subfield>
      </marc:datafield>
      <marc:datafield tag="700" ind1="1" ind2="0">
         <marc:subfield code="a">Vzquez, Gloria</marc:subfield>
      </marc:datafield>
   </marc:record>