
   <marc:record>
      <marc:leader>     nmm a22     3i 4500</marc:leader>
      <marc:controlfield tag="006">m     o  u        </marc:controlfield>
      <marc:controlfield tag="007">cu ||||||u||||</marc:controlfield>
      <marc:controlfield tag="008">      s2015    pau        u        mul d</marc:controlfield>
      <marc:datafield tag="024" ind1="8" ind2=" ">
         <marc:subfield code="a">LDC2015T04</marc:subfield>
      </marc:datafield>
      <marc:datafield tag="024" ind1="8" ind2=" ">
         <marc:subfield code="a">ISLRN: 919-947-994-062-9</marc:subfield>
      </marc:datafield>
      <marc:datafield tag="042" ind1=" " ind2=" ">
         <marc:subfield code="a">dc</marc:subfield>
      </marc:datafield>
      <marc:datafield tag="245" ind1="0" ind2="0">
         <marc:subfield code="a">GALE Chinese-English Word Alignment and Tagging -- Broadcast Training Part 3</marc:subfield>
      </marc:datafield>
      <marc:datafield tag="264" ind1=" " ind2=" ">
         <marc:subfield code="a">[Philadelphia, Pennsylvania]: </marc:subfield>
         <marc:subfield code="b">Linguistic Data Consortium, </marc:subfield>
         <marc:subfield code="c">[2015]</marc:subfield>
      </marc:datafield>
      <marc:datafield tag="500" ind1=" " ind2=" ">
         <marc:subfield code="a">LDC2015T04</marc:subfield>
      </marc:datafield>
      <marc:datafield tag="500" ind1=" " ind2=" ">
         <marc:subfield code="a">https://catalog.ldc.upenn.edu/LDC2015T04</marc:subfield>
      </marc:datafield>
      <marc:datafield tag="520" ind1=" " ind2=" ">
         <marc:subfield code="a">*Introduction* GALE Chinese-English Word Alignment and Tagging -- Broadcast Training Part 3 was developed by the Linguistic Data Consortium (LDC) and contains 242,020 tokens of word aligned Chinese and English parallel text enriched with linguistic tags. This material was used as training data in the DARPA GALE (Global Autonomous Language Exploitation) program. Some approaches to statistical machine translation include the incorporation of linguistic knowledge in word aligned text as a means to improve automatic word alignment and machine translation quality. This is accomplished with two annotation schemes: alignment and tagging. Alignment identifies minimum translation units and translation relations by using minimum-match and attachment annotation approaches. A set of word tags and alignment link tags are designed in the tagging scheme to describe these translation units and relations. Tagging adds contextual, syntactic and language-specific features to the alignment annotation. Other releases available in this series are: * GALE Chinese-English Word Alignment and Tagging Training Part 1 -- Newswire and Web (LDC2012T16) * GALE Chinese-English Word Alignment and Tagging Training Part 2 -- Newswire (LDC2012T20) * GALE Chinese-English Word Alignment and Tagging Training Part 3 -- Web (LDC2012T24) * GALE Chinese-English Word Alignment and Tagging Training Part 4 -- Web (LDC2013T05) * GALE Chinese-English Word Alignment and Tagging -- Broadcast Training Part 1 (LDC2013T23) * GALE Chinese-English Word Alignment and Tagging -- Broadcast Training Part 2 (LDC2014T25) *Data* This release consists of Chinese source broadcast conversation (BC) and broadcast news (BN) programming collected by LDC in 2008 and 2009. The distribution by genre, words, character tokens and segments appears below: Language Genre Files Words CharTokens Segments Chinese BC 92 67,354 101,032 2,714 Chinese BN 34 93,992 140,988 3,314 Total 126 161,346 242,020 6,028 Note that all token counts are based on the Chinese data only. One token is equivalent to one character and one word is equivalent to 1.5 characters. The Chinese word alignment tasks consisted of the following components: * Identifying, aligning, and tagging eight different types of links * Identifying, attaching, and tagging local-level unmatched words * Identifying and tagging sentence/discourse-level unmatched words * Identifying and tagging all instances of Chinese  (DE) except when they were a part of a semantic link *Samples* Please view these samples * Chinese Raw * Chinese Token * English Raw * English Token * World Alignment *Sponsorship* This work was supported in part by the Defense Advanced Research Projects Agency, GALE Program Grant No. HR0011-06-1-0003. The content of this publication does not necessarily reflect the position or the policy of the Government, and no official endorsement should be inferred. *Updates* None at this time.</marc:subfield>
      </marc:datafield>
      <marc:datafield tag="546" ind1=" " ind2=" ">
         <marc:subfield code="a">Mandarin Chinese</marc:subfield>
      </marc:datafield>
      <marc:datafield tag="546" ind1=" " ind2=" ">
         <marc:subfield code="a">English</marc:subfield>
      </marc:datafield>
      <marc:datafield tag="546" ind1=" " ind2=" ">
         <marc:subfield code="a">Chinese</marc:subfield>
      </marc:datafield>
      <marc:datafield tag="655" ind1="7" ind2=" ">
         <marc:subfield code="a">Text</marc:subfield>
         <marc:subfield code="2">DCMI Type</marc:subfield>
      </marc:datafield>
      <marc:datafield tag="700" ind1="1" ind2="0">
         <marc:subfield code="a">Li, Xuansong</marc:subfield>
      </marc:datafield>
      <marc:datafield tag="700" ind1="1" ind2="0">
         <marc:subfield code="a">Grimes, Stephen</marc:subfield>
      </marc:datafield>
      <marc:datafield tag="700" ind1="1" ind2="0">
         <marc:subfield code="a">Strassel, Stephanie</marc:subfield>
      </marc:datafield>
   </marc:record>