
   <marc:record>
      <marc:leader>     nmm a22     3i 4500</marc:leader>
      <marc:controlfield tag="006">m     o  u        </marc:controlfield>
      <marc:controlfield tag="007">cu ||||||u||||</marc:controlfield>
      <marc:controlfield tag="008">      s2015    pau        u        mul d</marc:controlfield>
      <marc:datafield tag="020" ind1=" " ind2=" ">
         <marc:subfield code="a">1585637068</marc:subfield>
      </marc:datafield>
      <marc:datafield tag="024" ind1="8" ind2=" ">
         <marc:subfield code="a">LDC2015S02</marc:subfield>
      </marc:datafield>
      <marc:datafield tag="024" ind1="8" ind2=" ">
         <marc:subfield code="a">ISLRN: 648-931-730-249-1</marc:subfield>
      </marc:datafield>
      <marc:datafield tag="042" ind1=" " ind2=" ">
         <marc:subfield code="a">dc</marc:subfield>
      </marc:datafield>
      <marc:datafield tag="245" ind1="0" ind2="0">
         <marc:subfield code="a">RATS Speech Activity Detection</marc:subfield>
      </marc:datafield>
      <marc:datafield tag="264" ind1=" " ind2=" ">
         <marc:subfield code="a">[Philadelphia, Pennsylvania]: </marc:subfield>
         <marc:subfield code="b">Linguistic Data Consortium, </marc:subfield>
         <marc:subfield code="c">[2015]</marc:subfield>
      </marc:datafield>
      <marc:datafield tag="500" ind1=" " ind2=" ">
         <marc:subfield code="a">LDC2015S02</marc:subfield>
      </marc:datafield>
      <marc:datafield tag="500" ind1=" " ind2=" ">
         <marc:subfield code="a">https://catalog.ldc.upenn.edu/LDC2015S02</marc:subfield>
      </marc:datafield>
      <marc:datafield tag="520" ind1=" " ind2=" ">
         <marc:subfield code="a">*Introduction* RATS Speech Activity Detection was developed by the Linguistic Data Consortium (LDC) and is comprised of approximately 3,000 hours of Levantine Arabic, English, Farsi, Pashto, and Urdu conversational telephone speech with automatic and manual annotation of speech segments. The corpus was created to provide training, development and initial test sets for the Speech Activity Detection (SAD) task in the DARPA RATS (Robust Automatic Transcription of Speech) program. The goal of the RATS program was to develop human language technology systems capable of performing speech detection, language identification, speaker identification and keyword spotting on the severely degraded audio signals that are typical of various radio communication channels, especially those employing various types of handheld portable transceiver systems. To support that goal, LDC assembled a system for the transmission, reception and digital capture of audio data that allowed a single source audio signal to be distributed and recorded over eight distinct transceiver configurations simultaneously. Those configurations included three frequencies -- high, very high and ultra high -- variously combined with amplitude modulation, frequency hopping spread spectrum, narrow-band frequency modulation, single-side-band or wide-band frequency modulation. Annotations on the clear source audio signal, e.g., time boundaries for the duration of speech activity, were projected onto the corresponding eight channels recorded from the radio receivers. *Data* The source audio consists of conversational telephone speech recordings collected by LDC: (1) data collected for the RATS program from Levantine Arabic, Farsi, Pashto and Urdu speakers; and (2) material from the Fisher English (LDC2004S13, LDC2005S13), and Fisher Levantine Arabic telephone studies (LDC2007S02), as well as from CALLFRIEND Farsi (LDC2014S01). Annotation was performed in three steps. LDC's automatic speech activity detector was run against the audio data to produce a speech segmentation for each file. Manual first pass annotation was then performed as a quick correction of the automatic speech activity detection output. Finally, in a manual second pass annotation step, annotators reviewed first pass output and made adjustments to segments as needed. All audio files are presented as single-channel, 16-bit PCM, 16000 samples per second; lossless FLAC compression is used on all files; when uncompressed, the files have typical "MS-WAV" (RIFF) file headers. *Samples* Please view this audio sample and annotation sample. *Updates* None at this time. *Acknowledgment* This material is based upon work supported by the Defense Advanced Research Projects Agency (DARPA) under Contract No. D10PC20016. The content does not necessarily reflect the position or the policy of the Government, and no official endorsement should be inferred.</marc:subfield>
      </marc:datafield>
      <marc:datafield tag="546" ind1=" " ind2=" ">
         <marc:subfield code="a">South Levantine Arabic</marc:subfield>
      </marc:datafield>
      <marc:datafield tag="546" ind1=" " ind2=" ">
         <marc:subfield code="a">North Levantine Arabic</marc:subfield>
      </marc:datafield>
      <marc:datafield tag="546" ind1=" " ind2=" ">
         <marc:subfield code="a">English</marc:subfield>
      </marc:datafield>
      <marc:datafield tag="546" ind1=" " ind2=" ">
         <marc:subfield code="a">Persian</marc:subfield>
      </marc:datafield>
      <marc:datafield tag="546" ind1=" " ind2=" ">
         <marc:subfield code="a">Pushto</marc:subfield>
      </marc:datafield>
      <marc:datafield tag="546" ind1=" " ind2=" ">
         <marc:subfield code="a">Urdu</marc:subfield>
      </marc:datafield>
      <marc:datafield tag="655" ind1="7" ind2=" ">
         <marc:subfield code="a">Sound</marc:subfield>
         <marc:subfield code="2">DCMI Type</marc:subfield>
      </marc:datafield>
      <marc:datafield tag="655" ind1="7" ind2=" ">
         <marc:subfield code="a">Text</marc:subfield>
         <marc:subfield code="2">DCMI Type</marc:subfield>
      </marc:datafield>
      <marc:datafield tag="700" ind1="1" ind2="0">
         <marc:subfield code="a">Walker, Kevin</marc:subfield>
      </marc:datafield>
      <marc:datafield tag="700" ind1="1" ind2="0">
         <marc:subfield code="a">Ma, Xiaoyi</marc:subfield>
      </marc:datafield>
      <marc:datafield tag="700" ind1="1" ind2="0">
         <marc:subfield code="a">Graff, David</marc:subfield>
      </marc:datafield>
      <marc:datafield tag="700" ind1="1" ind2="0">
         <marc:subfield code="a">Strassel, Stephanie</marc:subfield>
      </marc:datafield>
      <marc:datafield tag="700" ind1="1" ind2="0">
         <marc:subfield code="a">Sessa, Stephanie</marc:subfield>
      </marc:datafield>
      <marc:datafield tag="700" ind1="1" ind2="0">
         <marc:subfield code="a">Jones, Karen</marc:subfield>
      </marc:datafield>
   </marc:record>