
   <marc:record>
      <marc:leader>     nmm a22     3i 4500</marc:leader>
      <marc:controlfield tag="006">m     o  u        </marc:controlfield>
      <marc:controlfield tag="007">cu ||||||u||||</marc:controlfield>
      <marc:controlfield tag="008">      s2015    pau        u        mul d</marc:controlfield>
      <marc:datafield tag="020" ind1=" " ind2=" ">
         <marc:subfield code="a">1585637076</marc:subfield>
      </marc:datafield>
      <marc:datafield tag="024" ind1="8" ind2=" ">
         <marc:subfield code="a">LDC2015T05</marc:subfield>
      </marc:datafield>
      <marc:datafield tag="024" ind1="8" ind2=" ">
         <marc:subfield code="a">ISLRN: 140-461-846-522-8</marc:subfield>
      </marc:datafield>
      <marc:datafield tag="042" ind1=" " ind2=" ">
         <marc:subfield code="a">dc</marc:subfield>
      </marc:datafield>
      <marc:datafield tag="245" ind1="0" ind2="0">
         <marc:subfield code="a">GALE Phase 3 and 4 Arabic Broadcast Conversation Parallel Text</marc:subfield>
      </marc:datafield>
      <marc:datafield tag="264" ind1=" " ind2=" ">
         <marc:subfield code="a">[Philadelphia, Pennsylvania]: </marc:subfield>
         <marc:subfield code="b">Linguistic Data Consortium, </marc:subfield>
         <marc:subfield code="c">[2015]</marc:subfield>
      </marc:datafield>
      <marc:datafield tag="500" ind1=" " ind2=" ">
         <marc:subfield code="a">LDC2015T05</marc:subfield>
      </marc:datafield>
      <marc:datafield tag="500" ind1=" " ind2=" ">
         <marc:subfield code="a">https://catalog.ldc.upenn.edu/LDC2015T05</marc:subfield>
      </marc:datafield>
      <marc:datafield tag="520" ind1=" " ind2=" ">
         <marc:subfield code="a">*Introduction* GALE Phase 3 and 4 Arabic Broadcast Conversation Parallel Text was developed by the Linguistic Data Consortium (LDC). Along with other corpora, the parallel text in this release comprised training data for Phases 3 and 4 of the DARPA GALE (Global Autonomous Language Exploitation) Program. This corpus contains Modern Standard Arabic source text and corresponding English translations selected from broadcast conversation data collected by LDC between 2006 and 2008 and transcribed and translated by LDC or under its direction. LDC has also released the following GALE Phase 1 &amp; 2 Arabic Parallel Text data sets: * GALE Phase 1 Arabic Broadcast News Parallel Text - Part 1 (LDC2007T24) * GALE Phase 1 Arabic Broadcast News Parallel Text - Part 2 (LDC2008T09) * GALE Phase 1 Arabic Blog Parallel Text (LDC2008T02) * GALE Phase 1 Arabic Newsgroup Parallel Text - Part 1 (LDC2009T03) * GALE Phase 1 Arabic Newsgroup Parallel Text - Part 2 (LDC2009T09) * GALE Phase 2 Arabic Broadcast Conversation Parallel Text Part 1 (LDC2012T06) * GALE Phase 2 Arabic Broadcast Conversation Parallel Text Part 2 (LDC2012T14) * GALE Phase 2 Arabic Newswire Parallel Text (LDC2012T17) * GALE Phase 2 Arabic Broadcast News Parallel Text (LDC2012T18) * GALE Phase 2 Arabic Web Parallel Text (LDC2013T01) *Data* GALE Phase 3 and 4 Arabic Broadcast Conversation Parallel Text includes 55 source-translation document pairs, comprising 280,535 words of Arabic source text and its English translation. Data is drawn from 22 distinct Arabic programs broadcast between 2006 and 2008 from Al Alam News Channel, based in Iran; Al Arabiya, a news television station based in Dubai; Al Baghdadya, an Iraqi broadcaster; Al Fayhaa, a television channel in Iraq; Al Hiwar TV, based on London, United Kingdom; Aljazeera, a regional broadcaster located in Doha, Qatar; Bahrain TV, based in the Kingdom of Bahrain; Nile TV, a broadcast programmer based in Egypt; Oman TV, a national broadcaster located in the Sultanate of Oman; Saudi TV, a national television station based in Saudi Arabia; and Syria TV, the national television station in Syria. Broadcast conversation programming is generally more interactive than traditional news broadcasts and includes talk shows, interviews, call-in programs and roundtables. The files in this release were transcribed by LDC staff and/or transcription vendors under contract to LDC in accordance with the Quick Rich Transcription guidelines developed by LDC. Transcribers indicated sentence boundaries in addition to transcribing the text. Data was manually selected for translation according to several criteria, including linguistic features, transcription features and topic features. The transcribed and segmented files were then reformatted into a human-readable translation format and assigned to translation vendors. Translators followed LDC's Arabic to English translation guidelines. Bilingual LDC staff performed quality control procedures on the completed translations. Source data and translations are distributed in TDF format. TDF files are tab-delimited files containing one segment of text along with meta information about that segment. Each field in the TDF file is described in TDF_format.txt. All data are encoded in UTF-8. *Acknowledgement* This work was supported in part by the Defense Advanced Research Projects Agency, GALE Program Grant No. HR0011-06-1-0003. The content of this publication does not necessarily reflect the position or the policy of the Government, and no official endorsement should be inferred. *Samples* Please see this English sample and Arabic sample. *Updates* None at this time.</marc:subfield>
      </marc:datafield>
      <marc:datafield tag="546" ind1=" " ind2=" ">
         <marc:subfield code="a">Standard Arabic</marc:subfield>
      </marc:datafield>
      <marc:datafield tag="546" ind1=" " ind2=" ">
         <marc:subfield code="a">English</marc:subfield>
      </marc:datafield>
      <marc:datafield tag="655" ind1="7" ind2=" ">
         <marc:subfield code="a">Text</marc:subfield>
         <marc:subfield code="2">DCMI Type</marc:subfield>
      </marc:datafield>
      <marc:datafield tag="700" ind1="1" ind2="0">
         <marc:subfield code="a">Song, Zhiyi</marc:subfield>
      </marc:datafield>
      <marc:datafield tag="700" ind1="1" ind2="0">
         <marc:subfield code="a">Krug, Gary</marc:subfield>
      </marc:datafield>
      <marc:datafield tag="700" ind1="1" ind2="0">
         <marc:subfield code="a">Strassel, Stephanie</marc:subfield>
      </marc:datafield>
   </marc:record>