
   <marc:record>
      <marc:leader>     nmm a22     3i 4500</marc:leader>
      <marc:controlfield tag="006">m     o  u        </marc:controlfield>
      <marc:controlfield tag="007">cu ||||||u||||</marc:controlfield>
      <marc:controlfield tag="008">      s2015    pau        u        mul d</marc:controlfield>
      <marc:datafield tag="020" ind1=" " ind2=" ">
         <marc:subfield code="a">1585637181</marc:subfield>
      </marc:datafield>
      <marc:datafield tag="024" ind1="8" ind2=" ">
         <marc:subfield code="a">LDC2015T12</marc:subfield>
      </marc:datafield>
      <marc:datafield tag="024" ind1="8" ind2=" ">
         <marc:subfield code="a">ISLRN: 798-485-294-792-1</marc:subfield>
      </marc:datafield>
      <marc:datafield tag="042" ind1=" " ind2=" ">
         <marc:subfield code="a">dc</marc:subfield>
      </marc:datafield>
      <marc:datafield tag="245" ind1="0" ind2="0">
         <marc:subfield code="a">2006 CoNLL Shared Task - Arabic &amp; Czech</marc:subfield>
      </marc:datafield>
      <marc:datafield tag="264" ind1=" " ind2=" ">
         <marc:subfield code="a">[Philadelphia, Pennsylvania]: </marc:subfield>
         <marc:subfield code="b">Linguistic Data Consortium, </marc:subfield>
         <marc:subfield code="c">[2015]</marc:subfield>
      </marc:datafield>
      <marc:datafield tag="500" ind1=" " ind2=" ">
         <marc:subfield code="a">LDC2015T12</marc:subfield>
      </marc:datafield>
      <marc:datafield tag="500" ind1=" " ind2=" ">
         <marc:subfield code="a">https://catalog.ldc.upenn.edu/LDC2015T12</marc:subfield>
      </marc:datafield>
      <marc:datafield tag="520" ind1=" " ind2=" ">
         <marc:subfield code="a">*Introduction* 2006 CoNLL Shared Task - Arabic &amp; Czech consists of Arabic and Czech dependency treebanks used as part of the CoNLL 2006 shared task on multi-lingual dependency parsing. LDC also released the following 2006 &amp; 2007 CoNLL Shared Task corpora: * 2007 CoNLL Shared Task - Basque, Catalan, Czech &amp; Turkish (LDC2018T06) * 2007 CoNLL Shared Task - Greek, Hungarian &amp; Italian (LDC2018T07) * 2007 CoNLL Shared Task - Basque, Catalan, Czech &amp; Turkish (LDC2018T06) * 2006 CoNLL Shared Task - Ten Languages (LDC2015T11) This corpus is cross listed with ELRA as ELRA-W0087. The Conference on Computational Natural Language Learning (CoNLL) is accompanied every year by a shared task intended to promote natural language processing applications and evaluate them in a standard setting. In 2006, the shared task was devoted to the parsing of syntactic dependencies using corpora from up to thirteen languages. The task aimed to define and extend the then-current state of the art in dependency parsing, a technology that complemented previous tasks by producing a different kind of syntactic description of input text. More information about the 2006 shared task is available on the CoNLL-X web page. LDC has released data sets from other CoNLL shared tasks. 2008 CoNLL Shared Task Data contains the English material used in the 2008 shared task which focused on English, employed a unified dependency-based formalism and merged the tasks of syntactic dependency parsing, identifying semantic arguments and labeling them with semantic roles. 2009 CoNLL Shared Task Data Parts 1 and 2 consists of the English, Catalan, Chinese, Czech, German and Spanish resources used in the 2009 task which included a comparison of time and space complexity based on participants' input and learning curve comparison for languages with large datasets. LDC has also released the following CoNLL Shared Task data sets: * 2006 CoNLL Shared Task - Ten Languages (LDC2015T11) * 2008 CoNLL Shared Task Data (LDC2009T12) * 2009 CoNLL Shared Task Part 1 (LDC2012T03) * 2009 CoNLL Shared Task Part 2 (LDC2012T04) * 2015-2016 CoNLL Shared Task (LDC2017T13) *Data* The source data in this release consists principally of news and journal texts. The individual data sets are subsets of the following: * Prague Arabic Dependency Treebank (PADT) 1.0 * The Prague Dependency Treebank 1.0 *Samples* Please view these Czech and Arabic samples. *Updates* None at this time.</marc:subfield>
      </marc:datafield>
      <marc:datafield tag="546" ind1=" " ind2=" ">
         <marc:subfield code="a">Czech</marc:subfield>
      </marc:datafield>
      <marc:datafield tag="546" ind1=" " ind2=" ">
         <marc:subfield code="a">Standard Arabic</marc:subfield>
      </marc:datafield>
      <marc:datafield tag="655" ind1="7" ind2=" ">
         <marc:subfield code="a">Text</marc:subfield>
         <marc:subfield code="2">DCMI Type</marc:subfield>
      </marc:datafield>
      <marc:datafield tag="700" ind1="1" ind2="0">
         <marc:subfield code="a">Charles University</marc:subfield>
      </marc:datafield>
   </marc:record>