
   <marc:record>
      <marc:leader>     nmm a22     3i 4500</marc:leader>
      <marc:controlfield tag="006">m     o  u        </marc:controlfield>
      <marc:controlfield tag="007">cu ||||||u||||</marc:controlfield>
      <marc:controlfield tag="008">      s2015    pau        u        mul d</marc:controlfield>
      <marc:datafield tag="020" ind1=" " ind2=" ">
         <marc:subfield code="a">1585637351</marc:subfield>
      </marc:datafield>
      <marc:datafield tag="024" ind1="8" ind2=" ">
         <marc:subfield code="a">LDC2015S12</marc:subfield>
      </marc:datafield>
      <marc:datafield tag="024" ind1="8" ind2=" ">
         <marc:subfield code="a">ISLRN: 607-221-014-735-8</marc:subfield>
      </marc:datafield>
      <marc:datafield tag="042" ind1=" " ind2=" ">
         <marc:subfield code="a">dc</marc:subfield>
      </marc:datafield>
      <marc:datafield tag="245" ind1="0" ind2="0">
         <marc:subfield code="a">Articulation Index LSCP</marc:subfield>
      </marc:datafield>
      <marc:datafield tag="264" ind1=" " ind2=" ">
         <marc:subfield code="a">[Philadelphia, Pennsylvania]: </marc:subfield>
         <marc:subfield code="b">Linguistic Data Consortium, </marc:subfield>
         <marc:subfield code="c">[2015]</marc:subfield>
      </marc:datafield>
      <marc:datafield tag="500" ind1=" " ind2=" ">
         <marc:subfield code="a">LDC2015S12</marc:subfield>
      </marc:datafield>
      <marc:datafield tag="500" ind1=" " ind2=" ">
         <marc:subfield code="a">https://catalog.ldc.upenn.edu/LDC2015S12</marc:subfield>
      </marc:datafield>
      <marc:datafield tag="520" ind1=" " ind2=" ">
         <marc:subfield code="a">*Introduction* Articulation Index LSCP was developed by researchers at Laboratoire de Sciences Cognitives et Psycholinguistique (LSCP), Ecole Normale Suprieure. It revises and enhances a subset of Articulation Index (AIC) (LDC2005S22), a corpus of persons speaking English syllables. Changes include the addition of forced alignment to sound files, time alignment of syllable utterances and format conversions. AIC consists of 20 American English speakers (12 males, 8 females) pronouncing syllables, some of which form actual words, but most of which are nonsense syllables. All possible Consonant-Vowel (CV) and Vowel-Consonant (VC) combinations were recorded for each speaker twice, once in isolation and once within a carrier-sentence, for a total of 25768 recorded syllables. *Data* Articulation Index LSCP alters AIC in the following ways. * Time-alignments for the onset and offset of each word and syllable were generated through forced-alignment with a standard HMM-GMM (Hidden Markov Model-Gaussian Mixture Model) ASR system. * The time-alignments for the beginning and end of the syllables (whether in isolation or within a carrier sentence) were manually adjusted. The time-alignments for the other words in carrier sentences were not manually adjusted. * The recordings of isolated syllables were cut according to the manual time-alignments to remove the silent portions at the beginning and end, and the time-alignments were altered to correspond to the cut recordings. * The file naming scheme was slightly altered for compatibility with the Kaldi speech recognition toolkit. * AIC contains a wide-band (16 KHz, 16-bit PCM) and a narrow-band (8 KHz, 8 bit u-law) version of the recordings distributed in sphere format. The LSCP version contains the wide-band version only distributed as wave files. This release does not include certain AIC triphone recordings (CVC, CCV or VCC). Audio data is presented as 16kHz 16-bit flac compressed .wav files. The flac compression was added for distribution, and documentation may refer to the files as .wav files. *Samples* Please listen to this audio sample. *Updates* None at this time.</marc:subfield>
      </marc:datafield>
      <marc:datafield tag="546" ind1=" " ind2=" ">
         <marc:subfield code="a">English</marc:subfield>
      </marc:datafield>
      <marc:datafield tag="655" ind1="7" ind2=" ">
         <marc:subfield code="a">Sound</marc:subfield>
         <marc:subfield code="2">DCMI Type</marc:subfield>
      </marc:datafield>
      <marc:datafield tag="700" ind1="1" ind2="0">
         <marc:subfield code="a">Schatz, Thomas</marc:subfield>
      </marc:datafield>
      <marc:datafield tag="700" ind1="1" ind2="0">
         <marc:subfield code="a">Cao, Xuan-Nga</marc:subfield>
      </marc:datafield>
      <marc:datafield tag="700" ind1="1" ind2="0">
         <marc:subfield code="a">Kolesnikova, Anna</marc:subfield>
      </marc:datafield>
      <marc:datafield tag="700" ind1="1" ind2="0">
         <marc:subfield code="a">Bergvelt, Tomas</marc:subfield>
      </marc:datafield>
      <marc:datafield tag="700" ind1="1" ind2="0">
         <marc:subfield code="a">Wright, Jonathan</marc:subfield>
      </marc:datafield>
      <marc:datafield tag="700" ind1="1" ind2="0">
         <marc:subfield code="a">Dupoux, Emmanuel</marc:subfield>
      </marc:datafield>
   </marc:record>