
   <marc:record>
      <marc:leader>     nmm a22     3i 4500</marc:leader>
      <marc:controlfield tag="006">m     o  u        </marc:controlfield>
      <marc:controlfield tag="007">cu ||||||u||||</marc:controlfield>
      <marc:controlfield tag="008">      s2015    pau        u        mul d</marc:controlfield>
      <marc:datafield tag="020" ind1=" " ind2=" ">
         <marc:subfield code="a">1585637378</marc:subfield>
      </marc:datafield>
      <marc:datafield tag="024" ind1="8" ind2=" ">
         <marc:subfield code="a">LDC2015T24</marc:subfield>
      </marc:datafield>
      <marc:datafield tag="024" ind1="8" ind2=" ">
         <marc:subfield code="a">ISLRN: 768-351-261-530-4</marc:subfield>
      </marc:datafield>
      <marc:datafield tag="042" ind1=" " ind2=" ">
         <marc:subfield code="a">dc</marc:subfield>
      </marc:datafield>
      <marc:datafield tag="245" ind1="0" ind2="0">
         <marc:subfield code="a">GALE Phase 4 Chinese Newswire Parallel Sentences</marc:subfield>
      </marc:datafield>
      <marc:datafield tag="264" ind1=" " ind2=" ">
         <marc:subfield code="a">[Philadelphia, Pennsylvania]: </marc:subfield>
         <marc:subfield code="b">Linguistic Data Consortium, </marc:subfield>
         <marc:subfield code="c">[2015]</marc:subfield>
      </marc:datafield>
      <marc:datafield tag="500" ind1=" " ind2=" ">
         <marc:subfield code="a">LDC2015T24</marc:subfield>
      </marc:datafield>
      <marc:datafield tag="500" ind1=" " ind2=" ">
         <marc:subfield code="a">https://catalog.ldc.upenn.edu/LDC2015T24</marc:subfield>
      </marc:datafield>
      <marc:datafield tag="520" ind1=" " ind2=" ">
         <marc:subfield code="a">*Introduction* GALE Phase 4 Chinese Newswire Parallel Sentences was developed by the Linguistic Data Consortium (LDC). Along with other corpora, the parallel text in this release comprised training data for Phase 4 of the DARPA GALE (Global Autonomous Language Exploitation) Program. This corpus contains Chinese source sentences and corresponding English translations selected from newswire data collected by LDC in 2008 and translated by LDC or under its direction. *Data* GALE Phase 4 Chinese Newswire Parallel Sentences includes 627 source-translation document pairs, comprising 90,434 tokens of Chinese source text and its English translation. Data is drawn from six distinct Chinese newswire sources. Sentences were selected for translation in two steps. First, files were chosen using sentence selection scripts provided by GALE program participants SRI International and IBM. The output was then manually reviewed by LDC staff to eliminate problematic sentences. Selected files were reformatted into a human-readable translation format and assigned to translation vendors. Translators followed LDC's Chinese to English translation guidelines and were provided with the full source documents containing the target sentences for their reference. Bilingual LDC staff performed quality control procedures on the completed translations. Source data and translations are distributed in TDF format. TDF files are tab-delimited files containing one segment of text along with meta information about that segment. Each field in the TDF file is described in TDF_format.txt. All data are encoded in UTF-8. *Acknowledgement* This work was supported in part by the Defense Advanced Research Projects Agency, GALE Program Grant No. HR0011-06-1-0003. The content of this publication does not necessarily reflect the position or the policy of the Government, and no official endorsement should be inferred. *Samples* Please view the following samples. * Chinese Source * Chinese Selected Sentences (Source data selected for translation) * Selection English (Translated data) *Updates* None at this time.</marc:subfield>
      </marc:datafield>
      <marc:datafield tag="546" ind1=" " ind2=" ">
         <marc:subfield code="a">Mandarin Chinese</marc:subfield>
      </marc:datafield>
      <marc:datafield tag="546" ind1=" " ind2=" ">
         <marc:subfield code="a">English</marc:subfield>
      </marc:datafield>
      <marc:datafield tag="546" ind1=" " ind2=" ">
         <marc:subfield code="a">Chinese</marc:subfield>
      </marc:datafield>
      <marc:datafield tag="655" ind1="7" ind2=" ">
         <marc:subfield code="a">Text</marc:subfield>
         <marc:subfield code="2">DCMI Type</marc:subfield>
      </marc:datafield>
      <marc:datafield tag="700" ind1="1" ind2="0">
         <marc:subfield code="a">Song, Zhiyi</marc:subfield>
      </marc:datafield>
      <marc:datafield tag="700" ind1="1" ind2="0">
         <marc:subfield code="a">Krug, Gary</marc:subfield>
      </marc:datafield>
      <marc:datafield tag="700" ind1="1" ind2="0">
         <marc:subfield code="a">Strassel, Stephanie</marc:subfield>
      </marc:datafield>
   </marc:record>