
   <marc:record>
      <marc:leader>     nmm a22     3i 4500</marc:leader>
      <marc:controlfield tag="006">m     o  u        </marc:controlfield>
      <marc:controlfield tag="007">cu ||||||u||||</marc:controlfield>
      <marc:controlfield tag="008">      s2016    pau        u        mul d</marc:controlfield>
      <marc:datafield tag="020" ind1=" " ind2=" ">
         <marc:subfield code="a">1585637521</marc:subfield>
      </marc:datafield>
      <marc:datafield tag="024" ind1="8" ind2=" ">
         <marc:subfield code="a">LDC2016T01</marc:subfield>
      </marc:datafield>
      <marc:datafield tag="024" ind1="8" ind2=" ">
         <marc:subfield code="a">ISLRN: 145-948-652-558-3</marc:subfield>
      </marc:datafield>
      <marc:datafield tag="042" ind1=" " ind2=" ">
         <marc:subfield code="a">dc</marc:subfield>
      </marc:datafield>
      <marc:datafield tag="245" ind1="0" ind2="0">
         <marc:subfield code="a">H1 Children's Writing</marc:subfield>
      </marc:datafield>
      <marc:datafield tag="264" ind1=" " ind2=" ">
         <marc:subfield code="a">[Philadelphia, Pennsylvania]: </marc:subfield>
         <marc:subfield code="b">Linguistic Data Consortium, </marc:subfield>
         <marc:subfield code="c">[2016]</marc:subfield>
      </marc:datafield>
      <marc:datafield tag="500" ind1=" " ind2=" ">
         <marc:subfield code="a">LDC2016T01</marc:subfield>
      </marc:datafield>
      <marc:datafield tag="500" ind1=" " ind2=" ">
         <marc:subfield code="a">https://catalog.ldc.upenn.edu/LDC2016T01</marc:subfield>
      </marc:datafield>
      <marc:datafield tag="520" ind1=" " ind2=" ">
         <marc:subfield code="a">*Introduction* H1 Children's Writing was developed by the Cooperative State University Baden-Wrttemberg, University of Education. It consists of 996 texts written over three months by 88 German school children age seven through eleven years. The data in this corpus was collected by an elementary school in Baden Wrttemberg, Germany and digitized at the Cooperative State University during the second half of the 2014/2015 school year. Three second and third grade classrooms participated in the collection. Texts were written within regular class settings. The students were presented with a picture and were asked to write a story, to describe the picture or if unable to write a text, to list what they saw in the picture. The pictures were designed to enhance the output with respect to important spelling error categories, namely, the marking of short vowels with a silent consonant letter and the correct spelling of the long vowel. The children were allowed at least 15 minutes to write the texts. This exercise was repeated weekly for 12 weeks. LDC has also released H2, E2, ERK1 Children's Writing (LDC2018T05). *Data* Most of the participants were multilingual. Out of 85 children for whom metadata is available, 57 students were multilingual speakers and 28 students were monolingual German speakers. The following metadata is included for each text in the database: school week of collection; school type (always elementary school); age; gender; grade/classroom; language spoken at home; and school materials used for German (Jojo). In all, 996 texts representing 62,764 tokens were collected. The texts were digitized in two forms: (1) the original text, including all errors (achieved), and (2) the intended (target) text, where all spelling errors were removed. Annotations were added to both the achieved text and the target text to distinguish words that should not be analyzed for spelling errors, such as names or foreign words. For sentence-level analysis, syntax errors were annotated by marking substitutions, deletions and insertions at the word level. In such cases, the used word was analyzed for spelling, and the correct word was used for sentence structure analysis. Original handwriting is presented as pdf documents and the converted text as UTF-8 plain text in csv documents. *Samples* Please view the following samples: * Handwriting Sample * Original Transcription * Corrected Transcription *Updates* None at this time.</marc:subfield>
      </marc:datafield>
      <marc:datafield tag="546" ind1=" " ind2=" ">
         <marc:subfield code="a">German</marc:subfield>
      </marc:datafield>
      <marc:datafield tag="655" ind1="7" ind2=" ">
         <marc:subfield code="a">StillImage</marc:subfield>
         <marc:subfield code="2">DCMI Type</marc:subfield>
      </marc:datafield>
      <marc:datafield tag="655" ind1="7" ind2=" ">
         <marc:subfield code="a">Text</marc:subfield>
         <marc:subfield code="2">DCMI Type</marc:subfield>
      </marc:datafield>
      <marc:datafield tag="700" ind1="1" ind2="0">
         <marc:subfield code="a">Berkling, Kay</marc:subfield>
      </marc:datafield>
   </marc:record>