
   <marc:record>
      <marc:leader>     nmm a22     3i 4500</marc:leader>
      <marc:controlfield tag="006">m     o  u        </marc:controlfield>
      <marc:controlfield tag="007">cu ||||||u||||</marc:controlfield>
      <marc:controlfield tag="008">      s2016    pau        u        mul d</marc:controlfield>
      <marc:datafield tag="020" ind1=" " ind2=" ">
         <marc:subfield code="a">1585637548</marc:subfield>
      </marc:datafield>
      <marc:datafield tag="024" ind1="8" ind2=" ">
         <marc:subfield code="a">LDC2016T12</marc:subfield>
      </marc:datafield>
      <marc:datafield tag="024" ind1="8" ind2=" ">
         <marc:subfield code="a">ISLRN: 358-076-735-024-1</marc:subfield>
      </marc:datafield>
      <marc:datafield tag="042" ind1=" " ind2=" ">
         <marc:subfield code="a">dc</marc:subfield>
      </marc:datafield>
      <marc:datafield tag="245" ind1="0" ind2="0">
         <marc:subfield code="a">GALE Phase 4 Chinese Broadcast Conversation Transcripts</marc:subfield>
      </marc:datafield>
      <marc:datafield tag="264" ind1=" " ind2=" ">
         <marc:subfield code="a">[Philadelphia, Pennsylvania]: </marc:subfield>
         <marc:subfield code="b">Linguistic Data Consortium, </marc:subfield>
         <marc:subfield code="c">[2016]</marc:subfield>
      </marc:datafield>
      <marc:datafield tag="500" ind1=" " ind2=" ">
         <marc:subfield code="a">LDC2016T12</marc:subfield>
      </marc:datafield>
      <marc:datafield tag="500" ind1=" " ind2=" ">
         <marc:subfield code="a">https://catalog.ldc.upenn.edu/LDC2016T12</marc:subfield>
      </marc:datafield>
      <marc:datafield tag="520" ind1=" " ind2=" ">
         <marc:subfield code="a">*Introduction* GALE Phase 4 Chinese Broadcast Conversation Transcripts was developed by the Linguistic Data Consortium (LDC) and contains transcriptions of approximately 172 hours of Chinese broadcast conversation speech collected in 2008 by LDC and Hong Kong University of Science and Technology, Hong Kong, during Phase 4 of the DARPA GALE (Global Autonomous Language Exploitation) Program. Corresponding audio data is released as GALE Phase 4 Chinese Broadcast Conversation Speech (LDC2016S03). The broadcast conversation recordings feature interviews, call-in programs and roundtable discussions focusing principally on current events from the following sources: Beijing TV, a national television station in Mainland China; China Central TV (CCTV), a national and international broadcaster in Mainland China; Hubei TV, a regional television station in Mainland China, Hubei Province; Phoenix TV, a Hong Kong-based satellite television station ; and Voice of America (VOA), a U.S. government-funded broadcast programmer. *Data* The transcript files are in plain-text, tab-delimited format (TDF) with UTF-8 encoding, and the transcribed data totals 2,259,952 tokens. The transcripts were created with the LDC-developed transcription tool, XTrans, a multi-platform, multilingual, multi-channel transcription tool that supports manual transcription and annotation of audio recordings. XTrans is available from the following link, https://www.ldc.upenn.edu/language-resources/tools/xtrans. The files in this corpus were transcribed by LDC staff and/or by transcription vendors under contract to LDC. Transcribers followed LDC's quick transcription guidelines (QTR) and quick rich transcription specification (QRTR) both of which are included in the documentation with this release. QTR transcription consists of quick (near-) verbatim, time-aligned transcripts plus speaker identification with minimal additional mark-up. It does not include sentence unit annotation. QRTR annotation adds structural information such as topic boundaries and manual sentence unit annotation to the core components of a quick transcript. Files with QTR as part of the filename were developed using QTR transcription. Files with QRTR in the filename indicate QRTR transcription. *Samples* Please view this sample. *Updates* None at this time. *Acknowledgement* This work was supported in part by the Defense Advanced Research Projects Agency, GALE Program Grant No. HR0011-06-1-0003. The content of this publication does not necessarily reflect the position or the policy of the Government, and no official endorsement should be inferred.</marc:subfield>
      </marc:datafield>
      <marc:datafield tag="546" ind1=" " ind2=" ">
         <marc:subfield code="a">Mandarin Chinese</marc:subfield>
      </marc:datafield>
      <marc:datafield tag="546" ind1=" " ind2=" ">
         <marc:subfield code="a">Chinese</marc:subfield>
      </marc:datafield>
      <marc:datafield tag="655" ind1="7" ind2=" ">
         <marc:subfield code="a">Text</marc:subfield>
         <marc:subfield code="2">DCMI Type</marc:subfield>
      </marc:datafield>
      <marc:datafield tag="700" ind1="1" ind2="0">
         <marc:subfield code="a">Glenn, Meghan</marc:subfield>
      </marc:datafield>
      <marc:datafield tag="700" ind1="1" ind2="0">
         <marc:subfield code="a">Lee, Haejoong</marc:subfield>
      </marc:datafield>
      <marc:datafield tag="700" ind1="1" ind2="0">
         <marc:subfield code="a">Strassel, Stephanie</marc:subfield>
      </marc:datafield>
      <marc:datafield tag="700" ind1="1" ind2="0">
         <marc:subfield code="a">Maeda, Kazuaki</marc:subfield>
      </marc:datafield>
   </marc:record>