
   <marc:record>
      <marc:leader>     nmm a22     3i 4500</marc:leader>
      <marc:controlfield tag="006">m     o  u        </marc:controlfield>
      <marc:controlfield tag="007">cu ||||||u||||</marc:controlfield>
      <marc:controlfield tag="008">      s2016    pau        u        mul d</marc:controlfield>
      <marc:datafield tag="020" ind1=" " ind2=" ">
         <marc:subfield code="a">1585637572</marc:subfield>
      </marc:datafield>
      <marc:datafield tag="024" ind1="8" ind2=" ">
         <marc:subfield code="a">LDC2016T13</marc:subfield>
      </marc:datafield>
      <marc:datafield tag="024" ind1="8" ind2=" ">
         <marc:subfield code="a">ISLRN: 219-696-236-485-2</marc:subfield>
      </marc:datafield>
      <marc:datafield tag="042" ind1=" " ind2=" ">
         <marc:subfield code="a">dc</marc:subfield>
      </marc:datafield>
      <marc:datafield tag="245" ind1="0" ind2="0">
         <marc:subfield code="a">Chinese Treebank 9.0</marc:subfield>
      </marc:datafield>
      <marc:datafield tag="264" ind1=" " ind2=" ">
         <marc:subfield code="a">[Philadelphia, Pennsylvania]: </marc:subfield>
         <marc:subfield code="b">Linguistic Data Consortium, </marc:subfield>
         <marc:subfield code="c">[2016]</marc:subfield>
      </marc:datafield>
      <marc:datafield tag="500" ind1=" " ind2=" ">
         <marc:subfield code="a">LDC2016T13</marc:subfield>
      </marc:datafield>
      <marc:datafield tag="500" ind1=" " ind2=" ">
         <marc:subfield code="a">https://catalog.ldc.upenn.edu/LDC2016T13</marc:subfield>
      </marc:datafield>
      <marc:datafield tag="520" ind1=" " ind2=" ">
         <marc:subfield code="a">*Introduction* Chinese Treebank 9.0 consists of approximately two million words of annotated and parsed text from Chinese newswire, government documents, magazine articles, various broadcast news and broadcast conversation programs, web newsgroups, weblogs, discussion forums, chat messages and transcribed conversational telephone speech. The Chinese Treebank project began at the University of Pennsylvania in 1998, continued at the University of Colorado and then moved to Brandeis University. The project's goal is to provide a large, part-of-speech tagged and fully bracketed Chinese language corpus. The first delivery, Chinese Treebank 1.0, contained 100,000 syntactically annotated words from Xinhua News Agency newswire. It was later corrected and released in 2001 as Chinese Treebank 2.0 (LDC2001T11) and consisted of approximately 100,000 words. LDC released Chinese Treebank 4.0 (LDC2004T05), an updated version containing roughly 400,000 words, in 2004. A year later, LDC published the 500,000 word Chinese Treebank 5.0 (LDC2005T01). Chinese Treebank 6.0 (LDC2007T36), released in 2007, consisted of 780,000 words. Chinese Treebank 7.0 (LDC2010T08), released in 2010, added new annotated newswire data, broadcast material and web text to the approximate total of one million words. Chinese Treebank 8.0 (LDC2013T21) included new annotated data from newswire, magazine articles and government documents. Chinese Treebank 9.0 adds more annotated web data and two new genres - chat messages and transcribed conversational telephone speech. *Data* There are 3,726 text files in this release, containing 132,076 sentences, 2,084,387 words, 3,247,331 characters (hanzi or foreign). The data is provided in the UTF-8 encoding, and the annotation has Penn Treebank-style labeled brackets. Details of the annotation standard can be found in the enclosed segmentation, POS-tagging and bracketing guidelines. The data is provided in four different formats: raw text, word segmented, POS-tagged, and syntactically bracketed formats. All files were automatically verified and manually checked. *Samples* Please view the following samples: * POSTagged * Raw * Segmented * Bracketed *Acknowledgement* This work was supported in part by the Defense Advanced Research Projects Agency DOD MDA902-97-C-0307, DARPA TIDES N66001-00-1-8915, DARPA GALE HR0011-06-0022, and DARPA BOLT HR0011-11-C-0145. The content of this publication does not necessarily reflect the position or the policy of the Government, and no official endorsement should be inferred. *Updates* None at this time.</marc:subfield>
      </marc:datafield>
      <marc:datafield tag="546" ind1=" " ind2=" ">
         <marc:subfield code="a">Chinese</marc:subfield>
      </marc:datafield>
      <marc:datafield tag="546" ind1=" " ind2=" ">
         <marc:subfield code="a">Mandarin Chinese</marc:subfield>
      </marc:datafield>
      <marc:datafield tag="655" ind1="7" ind2=" ">
         <marc:subfield code="a">Text</marc:subfield>
         <marc:subfield code="2">DCMI Type</marc:subfield>
      </marc:datafield>
      <marc:datafield tag="700" ind1="1" ind2="0">
         <marc:subfield code="a">Xue, Nianwen</marc:subfield>
      </marc:datafield>
      <marc:datafield tag="700" ind1="1" ind2="0">
         <marc:subfield code="a">Zhang, Xiuhong</marc:subfield>
      </marc:datafield>
      <marc:datafield tag="700" ind1="1" ind2="0">
         <marc:subfield code="a">Jiang, Zixin</marc:subfield>
      </marc:datafield>
      <marc:datafield tag="700" ind1="1" ind2="0">
         <marc:subfield code="a">Palmer, Martha</marc:subfield>
      </marc:datafield>
      <marc:datafield tag="700" ind1="1" ind2="0">
         <marc:subfield code="a">Xia, Fei</marc:subfield>
      </marc:datafield>
      <marc:datafield tag="700" ind1="1" ind2="0">
         <marc:subfield code="a">Chiou, Fu-Dong</marc:subfield>
      </marc:datafield>
      <marc:datafield tag="700" ind1="1" ind2="0">
         <marc:subfield code="a">Chang, Meiyu</marc:subfield>
      </marc:datafield>
   </marc:record>