
   <marc:record>
      <marc:leader>     nmm a22     3i 4500</marc:leader>
      <marc:controlfield tag="006">m     o  u        </marc:controlfield>
      <marc:controlfield tag="007">cu ||||||u||||</marc:controlfield>
      <marc:controlfield tag="008">      s2016    pau        u        mul d</marc:controlfield>
      <marc:datafield tag="020" ind1=" " ind2=" ">
         <marc:subfield code="a">1585637610</marc:subfield>
      </marc:datafield>
      <marc:datafield tag="024" ind1="8" ind2=" ">
         <marc:subfield code="a">LDC2016S05</marc:subfield>
      </marc:datafield>
      <marc:datafield tag="024" ind1="8" ind2=" ">
         <marc:subfield code="a">ISLRN: 920-059-271-034-1</marc:subfield>
      </marc:datafield>
      <marc:datafield tag="042" ind1=" " ind2=" ">
         <marc:subfield code="a">dc</marc:subfield>
      </marc:datafield>
      <marc:datafield tag="245" ind1="0" ind2="0">
         <marc:subfield code="a">Digital Archive of Southern Speech - NLP Version</marc:subfield>
      </marc:datafield>
      <marc:datafield tag="264" ind1=" " ind2=" ">
         <marc:subfield code="a">[Philadelphia, Pennsylvania]: </marc:subfield>
         <marc:subfield code="b">Linguistic Data Consortium, </marc:subfield>
         <marc:subfield code="c">[2016]</marc:subfield>
      </marc:datafield>
      <marc:datafield tag="500" ind1=" " ind2=" ">
         <marc:subfield code="a">LDC2016S05</marc:subfield>
      </marc:datafield>
      <marc:datafield tag="500" ind1=" " ind2=" ">
         <marc:subfield code="a">https://catalog.ldc.upenn.edu/LDC2016S05</marc:subfield>
      </marc:datafield>
      <marc:datafield tag="520" ind1=" " ind2=" ">
         <marc:subfield code="a">*Introduction* Digital Archive of Southern Speech - NLP Version (DASS-NLP) was developed by LDC as an alternate version of Digital Archive of Southern Speech (DASS) (LDC2012S03) suitable for natural language processing and human language technology applications. Specifically, the original audio files have been converted to 16kHz 16-bit flac compressed wav and file names have been normalized to facilitate automatic processing. DASS was developed by the University of Georgia. It is a subset of the Linguistic Atlas of the Gulf States (LAGS), which is in turn part of the Linguist Atlas Project (LAP). DASS-NLP contains approximately 366 hours of English speech data from 30 female speakers and 34 male speakers in flac compressed wav format, along with associated metadata about the speakers and the recordings and maps in .jpeg format relating to the recording locations. LAP consists of a set of survey research projects about the words and pronunciation of everyday American English, the largest project of its kind in the United States. Interviews with thousands of native speakers across the country have been carried out since 1929. LAGS surveyed the everyday speech of Georgia, Tennessee, Florida, Alabama, Mississippi, Arkansas, Louisiana, and Texas in a series of 914 audio-taped interviews conducted from 1968-1983. Interviews average approximately six hours in length; the systematic LAGS tape archive amounts to 5500 hours of sound recordings. DASS is a collection of 64 interviews from LAGS selected to cover a range of speech across the region and to represent multiple education levels and ethnic backgrounds. *Data* The DASS-NLP speakers' average age is 61 years; there are 30 women and 34 men from the Gulf States region represented in this release. The interviews cover common topics such as family, the weather, household articles and activities, agriculture and social connections. The interviews were originally recorded in the field on reel-to-reel audio tape. A digital version of every reel of tape was then made, one .wav file per reel, usually about one hour of sound. Each interview thus consists of a set of 3 to 13 reels, or roughly 3 to 13 interview hours. Personally identifying or sensitive information in the files was replaced with a tone to protect the privacy and to assure ethical treatment of speakers. *Samples* Please listen to this sample. *Updates* None at this time. *Authorship* The following people were involved with the DASS project: William A. Kretzschmar, Jr., Paulina Bounds, Jacqueline Hettel and Steven Coats University of Georgia Lee Pederson Emory University Lisa Lena Opas-Hnninen, Ilkka Juuso and Tapio Seppnen University of Oulu (Finland) *Sponsorship* The Atlas Data contained herein comprises information collected in the period spanning from the 1930s to 2010 and has been compiled from diverse sources, by, and under the direction of, Dr. William A. Kretzschmar, Harry and Jane Wilson Professor in Humanities at the Department of English of The University of Georgia. Compilation and digitalization of this work was funded, in part, by the US National Science Foundation and by the US National Endowment for the Humanities. Additional information about the Atlas Project can be obtained at http://www.lap.uga.edu/.</marc:subfield>
      </marc:datafield>
      <marc:datafield tag="546" ind1=" " ind2=" ">
         <marc:subfield code="a">English</marc:subfield>
      </marc:datafield>
      <marc:datafield tag="655" ind1="7" ind2=" ">
         <marc:subfield code="a">Sound</marc:subfield>
         <marc:subfield code="2">DCMI Type</marc:subfield>
      </marc:datafield>
      <marc:datafield tag="700" ind1="1" ind2="0">
         <marc:subfield code="a">Kretzschmar, William A., Jr.</marc:subfield>
      </marc:datafield>
      <marc:datafield tag="700" ind1="1" ind2="0">
         <marc:subfield code="a">Bounds, Paulina</marc:subfield>
      </marc:datafield>
      <marc:datafield tag="700" ind1="1" ind2="0">
         <marc:subfield code="a">Hettel, Jacqueline</marc:subfield>
      </marc:datafield>
      <marc:datafield tag="700" ind1="1" ind2="0">
         <marc:subfield code="a">Coats, Steven</marc:subfield>
      </marc:datafield>
      <marc:datafield tag="700" ind1="1" ind2="0">
         <marc:subfield code="a">Pederson, Lee</marc:subfield>
      </marc:datafield>
      <marc:datafield tag="700" ind1="1" ind2="0">
         <marc:subfield code="a">Opas-Hnninen, Lisa Lena</marc:subfield>
      </marc:datafield>
      <marc:datafield tag="700" ind1="1" ind2="0">
         <marc:subfield code="a">Juuso, Ilkka</marc:subfield>
      </marc:datafield>
      <marc:datafield tag="700" ind1="1" ind2="0">
         <marc:subfield code="a">Seppnen, Tapio</marc:subfield>
      </marc:datafield>
   </marc:record>