
   <marc:record>
      <marc:leader>     nmm a22     3i 4500</marc:leader>
      <marc:controlfield tag="006">m     o  u        </marc:controlfield>
      <marc:controlfield tag="007">cu ||||||u||||</marc:controlfield>
      <marc:controlfield tag="008">      s2016    pau        u        mul d</marc:controlfield>
      <marc:datafield tag="020" ind1=" " ind2=" ">
         <marc:subfield code="a">1585637688</marc:subfield>
      </marc:datafield>
      <marc:datafield tag="024" ind1="8" ind2=" ">
         <marc:subfield code="a">LDC2016T19</marc:subfield>
      </marc:datafield>
      <marc:datafield tag="024" ind1="8" ind2=" ">
         <marc:subfield code="a">ISLRN: 629-964-511-709-3</marc:subfield>
      </marc:datafield>
      <marc:datafield tag="042" ind1=" " ind2=" ">
         <marc:subfield code="a">dc</marc:subfield>
      </marc:datafield>
      <marc:datafield tag="245" ind1="0" ind2="0">
         <marc:subfield code="a">BOLT Chinese-English Word Alignment and Tagging -- Discussion Forum Training</marc:subfield>
      </marc:datafield>
      <marc:datafield tag="264" ind1=" " ind2=" ">
         <marc:subfield code="a">[Philadelphia, Pennsylvania]: </marc:subfield>
         <marc:subfield code="b">Linguistic Data Consortium, </marc:subfield>
         <marc:subfield code="c">[2016]</marc:subfield>
      </marc:datafield>
      <marc:datafield tag="500" ind1=" " ind2=" ">
         <marc:subfield code="a">LDC2016T19</marc:subfield>
      </marc:datafield>
      <marc:datafield tag="500" ind1=" " ind2=" ">
         <marc:subfield code="a">https://catalog.ldc.upenn.edu/LDC2016T19</marc:subfield>
      </marc:datafield>
      <marc:datafield tag="520" ind1=" " ind2=" ">
         <marc:subfield code="a">*Introduction* BOLT Chinese-English Word Alignment and Tagging -- Discussion Forum Training was developed by the Linguistic Data Consortium (LDC) and consists of 448,094 words of Chinese and English parallel text enhanced with linguistic tags to indicate word relations. The DARPA BOLT (Broad Operational Language Translation) program developed machine translation and information retrieval for less formal genres, focusing particularly on user-generated content. LDC supported the BOLT program by collecting informal data sources -- discussion forums, text messaging and chat -- in Chinese, Egyptian Arabic and English. The collected data was translated and annotated for various tasks including word alignment, treebanking, propbanking and co-reference. *Data* This release consists of Chinese source discussion forum threads harvested from the Internet by LDC using a combination of manual and automatic processes. The source data is released as BOLT Chinese Discussion Forums (LDC2016T05). The BOLT word alignment task was built on treebank annotation. Specifically, LDC automatically extracted Chinese source tokens, including empty categories/traces, from word-segmented files provided by the BOLT Chinese Treebank annotation team at Brandeis University. The word-segmented tokens were then used to automatically generate ctb (Chinese Treebank) alignment and were also tokenized for character alignment by inserting white spaces to separate characters. The data profile broken down by character tokens, ctb tokens and segments appears below: Language Genre Files Words CharTokens CTBTokens Segments Chinese forum 570 448,094 672,140 442,520 20,819 *Acknowledgement* This material is based upon work supported by the Defense Advanced Research Projects Agency (DARPA) under Contract No. HR0011-11-C-0145. The content does not necessarily reflect the position or the policy of the Government, and no official endorsement should be inferred. *Samples* Please view the following samples: * Chinese Character Tokenized * Chinese CTB-Based Tokenized * English Tokenized * Character-Based Word Alignment * CTB-Based Word Alignment *Updates* None at this time.</marc:subfield>
      </marc:datafield>
      <marc:datafield tag="546" ind1=" " ind2=" ">
         <marc:subfield code="a">Mandarin Chinese</marc:subfield>
      </marc:datafield>
      <marc:datafield tag="546" ind1=" " ind2=" ">
         <marc:subfield code="a">English</marc:subfield>
      </marc:datafield>
      <marc:datafield tag="546" ind1=" " ind2=" ">
         <marc:subfield code="a">Chinese</marc:subfield>
      </marc:datafield>
      <marc:datafield tag="655" ind1="7" ind2=" ">
         <marc:subfield code="a">Text</marc:subfield>
         <marc:subfield code="2">DCMI Type</marc:subfield>
      </marc:datafield>
      <marc:datafield tag="700" ind1="1" ind2="0">
         <marc:subfield code="a">Li, Xuansong</marc:subfield>
      </marc:datafield>
      <marc:datafield tag="700" ind1="1" ind2="0">
         <marc:subfield code="a">Peterson, Katherine</marc:subfield>
      </marc:datafield>
      <marc:datafield tag="700" ind1="1" ind2="0">
         <marc:subfield code="a">Grimes, Stephen</marc:subfield>
      </marc:datafield>
      <marc:datafield tag="700" ind1="1" ind2="0">
         <marc:subfield code="a">Strassel, Stephanie</marc:subfield>
      </marc:datafield>
   </marc:record>