
   <marc:record>
      <marc:leader>     nmm a22     3i 4500</marc:leader>
      <marc:controlfield tag="006">m     o  u        </marc:controlfield>
      <marc:controlfield tag="007">cu ||||||u||||</marc:controlfield>
      <marc:controlfield tag="008">      s2016    pau        u        mul d</marc:controlfield>
      <marc:datafield tag="020" ind1=" " ind2=" ">
         <marc:subfield code="a">1585637807</marc:subfield>
      </marc:datafield>
      <marc:datafield tag="024" ind1="8" ind2=" ">
         <marc:subfield code="a">LDC2016T26</marc:subfield>
      </marc:datafield>
      <marc:datafield tag="024" ind1="8" ind2=" ">
         <marc:subfield code="a">ISLRN: 546-386-811-027-3</marc:subfield>
      </marc:datafield>
      <marc:datafield tag="042" ind1=" " ind2=" ">
         <marc:subfield code="a">dc</marc:subfield>
      </marc:datafield>
      <marc:datafield tag="245" ind1="0" ind2="0">
         <marc:subfield code="a">TAC KBP Spanish Cross-lingual Entity Linking - Comprehensive Training and Evaluation Data 2012-2014</marc:subfield>
      </marc:datafield>
      <marc:datafield tag="264" ind1=" " ind2=" ">
         <marc:subfield code="a">[Philadelphia, Pennsylvania]: </marc:subfield>
         <marc:subfield code="b">Linguistic Data Consortium, </marc:subfield>
         <marc:subfield code="c">[2016]</marc:subfield>
      </marc:datafield>
      <marc:datafield tag="500" ind1=" " ind2=" ">
         <marc:subfield code="a">LDC2016T26</marc:subfield>
      </marc:datafield>
      <marc:datafield tag="500" ind1=" " ind2=" ">
         <marc:subfield code="a">https://catalog.ldc.upenn.edu/LDC2016T26</marc:subfield>
      </marc:datafield>
      <marc:datafield tag="520" ind1=" " ind2=" ">
         <marc:subfield code="a">*Introduction* TAC KBP Spanish Cross-Lingual Entity Linking - Comprehensive Training and Evaluation Data 2012-2014 was developed by the Linguistic Data Consortium (LDC) and contains training and evaluation data produced in support of the TAC KBP Spanish Cross-lingual Entity Linking tasks in 2012, 2013 and 2014. It includes queries and gold standard entity type information, Knowledge Base links, and equivalence class clusters for NIL entities along with the source documents for the queries, specifically, English and Spanish newswire, discussion forum and web data. The corresponding knowledge base is available as TAC KBP Reference Knowledge Base (LDC2014T16). Text Analysis Conference (TAC) is a series of workshops organized by the National Institute of Standards and Technology (NIST). TAC was developed to encourage research in natural language processing and related applications by providing a large test collection, common evaluation procedures, and a forum for researchers to share their results. Through its various evaluations, the Knowledge Base Population (KBP) track of TAC encourages the development of systems that can match entities mentioned in natural texts with those appearing in a knowledge base and extract novel information about entities from a document collection and add it to a new or existing knowledge base. Spanish cross-lingual entity linking was first conducted as part of the 2012 TAC KBP evaluations. The track was an extension of the monolingual English Entity Linking track (EL) whose goal was to measure systems' ability to determine whether an entity, specified by a query, had a matching node in a reference knowledge base (KB) and, if so, to create a link between the two. If there was no matching node for a query entity in the KB, EL systems were required to cluster the mention together with others referencing the same entity. More information about the TAC KBP Entity Linking task and other TAC KBP evaluations can be found on the NIST TAC website. *Data* All source documents were originally released as XML but have been converted to text files for this release. This change was made primarily because the documents were used as text files during data development but also because some fail XML parsing. *Acknowledgement* This material is based on research sponsored by Air Force Research Laboratory and Defense Advance Research Projects Agency under agreement number FA8750-13-2-0045. The U.S. Government is authorized to reproduce and distribute reprints for Governmental purposes notwithstanding any copyright notation thereon. The views and conclusions contained herein are those of the authors and should not be interpreted as necessarily representing the official policies or endorsements, either expressed or implied, of Air Force Research Laboratory and Defense Advanced Research Projects Agency or the U.S. Government. *Samples* Please view the following samples: * Source Sample * Query Sample * Query Response Sample *Updates* None at this time.</marc:subfield>
      </marc:datafield>
      <marc:datafield tag="546" ind1=" " ind2=" ">
         <marc:subfield code="a">Spanish</marc:subfield>
      </marc:datafield>
      <marc:datafield tag="546" ind1=" " ind2=" ">
         <marc:subfield code="a">English</marc:subfield>
      </marc:datafield>
      <marc:datafield tag="655" ind1="7" ind2=" ">
         <marc:subfield code="a">Text</marc:subfield>
         <marc:subfield code="2">DCMI Type</marc:subfield>
      </marc:datafield>
      <marc:datafield tag="700" ind1="1" ind2="0">
         <marc:subfield code="a">Ellis, Joe</marc:subfield>
      </marc:datafield>
      <marc:datafield tag="700" ind1="1" ind2="0">
         <marc:subfield code="a">Getman, Jeremy</marc:subfield>
      </marc:datafield>
      <marc:datafield tag="700" ind1="1" ind2="0">
         <marc:subfield code="a">Strassel, Stephanie</marc:subfield>
      </marc:datafield>
   </marc:record>