
   <marc:record>
      <marc:leader>     nmm a22     3i 4500</marc:leader>
      <marc:controlfield tag="006">m     o  u        </marc:controlfield>
      <marc:controlfield tag="007">cu ||||||u||||</marc:controlfield>
      <marc:controlfield tag="008">      s2016    pau        u        mul d</marc:controlfield>
      <marc:datafield tag="024" ind1="8" ind2=" ">
         <marc:subfield code="a">LDC2016T22</marc:subfield>
      </marc:datafield>
      <marc:datafield tag="024" ind1="8" ind2=" ">
         <marc:subfield code="a">ISLRN: 280-113-850-942-8</marc:subfield>
      </marc:datafield>
      <marc:datafield tag="042" ind1=" " ind2=" ">
         <marc:subfield code="a">dc</marc:subfield>
      </marc:datafield>
      <marc:datafield tag="245" ind1="0" ind2="0">
         <marc:subfield code="a">Chinese-English Parallel Sentences Extracted from Patents</marc:subfield>
      </marc:datafield>
      <marc:datafield tag="264" ind1=" " ind2=" ">
         <marc:subfield code="a">[Philadelphia, Pennsylvania]: </marc:subfield>
         <marc:subfield code="b">Linguistic Data Consortium, </marc:subfield>
         <marc:subfield code="c">[2016]</marc:subfield>
      </marc:datafield>
      <marc:datafield tag="500" ind1=" " ind2=" ">
         <marc:subfield code="a">LDC2016T22</marc:subfield>
      </marc:datafield>
      <marc:datafield tag="500" ind1=" " ind2=" ">
         <marc:subfield code="a">https://catalog.ldc.upenn.edu/LDC2016T22</marc:subfield>
      </marc:datafield>
      <marc:datafield tag="520" ind1=" " ind2=" ">
         <marc:subfield code="a">*Introduction* Chinese-English Parallel Sentences Extracted from Patents was developed by Chilin (HK) Limited and contains 500,000 sentence pairs of Chinese-English parallel text. This resource is based on the training corpus and test sets developed for the Tokyo-based NTCIR 2009 &amp; 2010 tasks on Patent Machine Translation. *Data* The sentences in this release were selected from a larger corpus of than 300,000 Chinese-English parallel patents in different fields according to a number of filtering parameters including word alignment, sentence length and language modeling. They were then automatically segmented and aligned. All text is encoded as UTF-8. *Samples* Please view this Chinese sample and English sample. *Updates* None at this time. *Pricing* Not-for-profit organizations may license this data set for US$25.00 under the LDC Not-for-Profit Membership Agreement or under the LDC User Agreement for Non-Members for use in linguistic research, education and non-commercial technology development. For-profit organizations may license this data for US$5000, discounted to US$4000 for LDC for-profit members, under the Commercial License Agreement for Chinese-English Parallel Sentences Extracted from Patents (LDC2016T22). Current fees in this catalog entry reflect those pertaining to a for-profit organization license. Not-for-profit organizations should contact LDC's Membership Office to license this data set.</marc:subfield>
      </marc:datafield>
      <marc:datafield tag="546" ind1=" " ind2=" ">
         <marc:subfield code="a">English</marc:subfield>
      </marc:datafield>
      <marc:datafield tag="546" ind1=" " ind2=" ">
         <marc:subfield code="a">Chinese</marc:subfield>
      </marc:datafield>
      <marc:datafield tag="655" ind1="7" ind2=" ">
         <marc:subfield code="a">Text</marc:subfield>
         <marc:subfield code="2">DCMI Type</marc:subfield>
      </marc:datafield>
      <marc:datafield tag="700" ind1="1" ind2="0">
         <marc:subfield code="a">Tsou, Benjamin</marc:subfield>
      </marc:datafield>
      <marc:datafield tag="700" ind1="1" ind2="0">
         <marc:subfield code="a">Lu, Bin</marc:subfield>
      </marc:datafield>
      <marc:datafield tag="700" ind1="1" ind2="0">
         <marc:subfield code="a">Chow, Kapo</marc:subfield>
      </marc:datafield>
   </marc:record>