
   <marc:record>
      <marc:leader>     nmm a22     3i 4500</marc:leader>
      <marc:controlfield tag="006">m     o  u        </marc:controlfield>
      <marc:controlfield tag="007">cu ||||||u||||</marc:controlfield>
      <marc:controlfield tag="008">      s2017    pau        u        mul d</marc:controlfield>
      <marc:datafield tag="020" ind1=" " ind2=" ">
         <marc:subfield code="a">1585637912</marc:subfield>
      </marc:datafield>
      <marc:datafield tag="024" ind1="8" ind2=" ">
         <marc:subfield code="a">LDC2017T05</marc:subfield>
      </marc:datafield>
      <marc:datafield tag="024" ind1="8" ind2=" ">
         <marc:subfield code="a">ISLRN: 842-120-979-982-3</marc:subfield>
      </marc:datafield>
      <marc:datafield tag="042" ind1=" " ind2=" ">
         <marc:subfield code="a">dc</marc:subfield>
      </marc:datafield>
      <marc:datafield tag="245" ind1="0" ind2="0">
         <marc:subfield code="a">BOLT Chinese Discussion Forum Parallel Training Data</marc:subfield>
      </marc:datafield>
      <marc:datafield tag="264" ind1=" " ind2=" ">
         <marc:subfield code="a">[Philadelphia, Pennsylvania]: </marc:subfield>
         <marc:subfield code="b">Linguistic Data Consortium, </marc:subfield>
         <marc:subfield code="c">[2017]</marc:subfield>
      </marc:datafield>
      <marc:datafield tag="500" ind1=" " ind2=" ">
         <marc:subfield code="a">LDC2017T05</marc:subfield>
      </marc:datafield>
      <marc:datafield tag="500" ind1=" " ind2=" ">
         <marc:subfield code="a">https://catalog.ldc.upenn.edu/LDC2017T05</marc:subfield>
      </marc:datafield>
      <marc:datafield tag="520" ind1=" " ind2=" ">
         <marc:subfield code="a">*Introduction* BOLT Chinese Discussion Forum Parallel Training Data was developed by the Linguistic Data Consortium (LDC) and consists of 1,876,799 tokens of Chinese discussion forum data collected for the DARPA BOLT program along with their corresponding English translations. The BOLT (Broad Operational Language Translation) program developed machine translation and information retrieval for less formal genres, focusing particularly on user-generated content. LDC supported the BOLT program by collecting informal data sources -- discussion forums, text messaging and chat -- in Chinese, Egyptian Arabic and English. The collected data was translated and annotated for various tasks including word alignment, treebanking, propbanking and co-reference. *Data* The source data in this release consists of discussion forum threads harvested from the Internet by LDC using a combination of manual and automatic processes. The full source data collection is released as BOLT Chinese Discussion Forums (LDC2016T05). Word-aligned and tagged data is released as BOLT Chinese-English Word Alignment and Tagging - Discussion Forum Training (LDC2016T19). Data was manually selected for translation according to several criteria, including linguistic features and topic features. The files were then segmented into sentence units, formatted into a human-readable translation format and assigned to translation vendors. Translators followed LDC's BOLT translation guidelines. Bilingual LDC staff performed quality control procedures on the completed translations. All data are presented as UTF-8. The following table shows the data volume of this package: Source Lang Genre Files Source Tokens Target Tokens Chinese Discussion Forum 1,541 1,876,779 1,557,873 *Acknowledgement* This material is based upon work supported by the Defense Advanced Research Projects Agency (DARPA) under Contract No. HR0011-11-C-0145. The content does not necessarily reflect the position or the policy of the Government, and no official endorsement should be inferred. *Samples* Please view this Chinese sample and English sample. *Updates* None at this time.</marc:subfield>
      </marc:datafield>
      <marc:datafield tag="546" ind1=" " ind2=" ">
         <marc:subfield code="a">Mandarin Chinese</marc:subfield>
      </marc:datafield>
      <marc:datafield tag="546" ind1=" " ind2=" ">
         <marc:subfield code="a">English</marc:subfield>
      </marc:datafield>
      <marc:datafield tag="546" ind1=" " ind2=" ">
         <marc:subfield code="a">Chinese</marc:subfield>
      </marc:datafield>
      <marc:datafield tag="655" ind1="7" ind2=" ">
         <marc:subfield code="a">Text</marc:subfield>
         <marc:subfield code="2">DCMI Type</marc:subfield>
      </marc:datafield>
      <marc:datafield tag="700" ind1="1" ind2="0">
         <marc:subfield code="a">Song, Zhiyi</marc:subfield>
      </marc:datafield>
      <marc:datafield tag="700" ind1="1" ind2="0">
         <marc:subfield code="a">Garland, Jennifer</marc:subfield>
      </marc:datafield>
      <marc:datafield tag="700" ind1="1" ind2="0">
         <marc:subfield code="a">Walker, Christopher</marc:subfield>
      </marc:datafield>
      <marc:datafield tag="700" ind1="1" ind2="0">
         <marc:subfield code="a">Strassel, Stephanie</marc:subfield>
      </marc:datafield>
   </marc:record>