
   <marc:record>
      <marc:leader>     nmm a22     3i 4500</marc:leader>
      <marc:controlfield tag="006">m     o  u        </marc:controlfield>
      <marc:controlfield tag="007">cu ||||||u||||</marc:controlfield>
      <marc:controlfield tag="008">      s2017    pau        u        mul d</marc:controlfield>
      <marc:datafield tag="024" ind1="8" ind2=" ">
         <marc:subfield code="a">LDC2017T08</marc:subfield>
      </marc:datafield>
      <marc:datafield tag="024" ind1="8" ind2=" ">
         <marc:subfield code="a">ISLRN: 052-688-100-874-5</marc:subfield>
      </marc:datafield>
      <marc:datafield tag="042" ind1=" " ind2=" ">
         <marc:subfield code="a">dc</marc:subfield>
      </marc:datafield>
      <marc:datafield tag="245" ind1="0" ind2="0">
         <marc:subfield code="a">Phrase Detectives Corpus</marc:subfield>
      </marc:datafield>
      <marc:datafield tag="264" ind1=" " ind2=" ">
         <marc:subfield code="a">[Philadelphia, Pennsylvania]: </marc:subfield>
         <marc:subfield code="b">Linguistic Data Consortium, </marc:subfield>
         <marc:subfield code="c">[2017]</marc:subfield>
      </marc:datafield>
      <marc:datafield tag="500" ind1=" " ind2=" ">
         <marc:subfield code="a">LDC2017T08</marc:subfield>
      </marc:datafield>
      <marc:datafield tag="500" ind1=" " ind2=" ">
         <marc:subfield code="a">https://catalog.ldc.upenn.edu/LDC2017T08</marc:subfield>
      </marc:datafield>
      <marc:datafield tag="520" ind1=" " ind2=" ">
         <marc:subfield code="a">*Introduction* Phrase Detectives Corpus was developed by the School of Computer Science and Electronic Engineering at the University of Essex and consists of approximately 19,012 words across 40 documents anaphorically-annotated by the Phrase Detectives game, an online interactive "game-with-a-purpose" (GWAP) designed to collect data about English anaphoric coreference. GWAPs for creating language resources are growing. In general, they employ non-monetary incentives, such as entertainment, to motivate participation and can be successful for large-scale persistent annotation efforts. *Data* The documents in the corpus are taken from Wikipedia articles and from narrative text in Project Gutenberg. Wikipedia articles and annotation files are presented as XML and Project Gutenberg source files are presented as plain text. All text is encoded as UTF-8. Annotations are comprised of a gold standard version created by multiple experts, as well as a set created by a large non-expert crowd (via the Phase Detectives game). The data was annotated according to a prevalent linguistically-oriented approach for anaphora used in several tasks, including OntoNotes Release 5.0 (LDC2013T19), SemEval-2010 Task 1 Ontonotes English: Coreference Resolution in Multiple Languages (LDC2011T01) and The ARRAU Corpus of Anaphoric Information (LDC2013T22). *Samples* Please view the following source sample and annotation sample. *Updates* None at this time.</marc:subfield>
      </marc:datafield>
      <marc:datafield tag="546" ind1=" " ind2=" ">
         <marc:subfield code="a">English</marc:subfield>
      </marc:datafield>
      <marc:datafield tag="655" ind1="7" ind2=" ">
         <marc:subfield code="a">Text</marc:subfield>
         <marc:subfield code="2">DCMI Type</marc:subfield>
      </marc:datafield>
      <marc:datafield tag="700" ind1="1" ind2="0">
         <marc:subfield code="a">Chamberlain, Jon</marc:subfield>
      </marc:datafield>
      <marc:datafield tag="700" ind1="1" ind2="0">
         <marc:subfield code="a">Poesio, Massimo</marc:subfield>
      </marc:datafield>
      <marc:datafield tag="700" ind1="1" ind2="0">
         <marc:subfield code="a">Kruschwitz, Udo</marc:subfield>
      </marc:datafield>
   </marc:record>