
   <marc:record>
      <marc:leader>     nmm a22     3i 4500</marc:leader>
      <marc:controlfield tag="006">m     o  u        </marc:controlfield>
      <marc:controlfield tag="007">cu ||||||u||||</marc:controlfield>
      <marc:controlfield tag="008">      s2017    pau        u        mul d</marc:controlfield>
      <marc:datafield tag="020" ind1=" " ind2=" ">
         <marc:subfield code="a">1585638013</marc:subfield>
      </marc:datafield>
      <marc:datafield tag="024" ind1="8" ind2=" ">
         <marc:subfield code="a">LDC2017S10</marc:subfield>
      </marc:datafield>
      <marc:datafield tag="024" ind1="8" ind2=" ">
         <marc:subfield code="a">ISLRN: 071-714-384-459-0</marc:subfield>
      </marc:datafield>
      <marc:datafield tag="042" ind1=" " ind2=" ">
         <marc:subfield code="a">dc</marc:subfield>
      </marc:datafield>
      <marc:datafield tag="245" ind1="0" ind2="0">
         <marc:subfield code="a">CHiME2 WSJ0</marc:subfield>
      </marc:datafield>
      <marc:datafield tag="264" ind1=" " ind2=" ">
         <marc:subfield code="a">[Philadelphia, Pennsylvania]: </marc:subfield>
         <marc:subfield code="b">Linguistic Data Consortium, </marc:subfield>
         <marc:subfield code="c">[2017]</marc:subfield>
      </marc:datafield>
      <marc:datafield tag="500" ind1=" " ind2=" ">
         <marc:subfield code="a">LDC2017S10</marc:subfield>
      </marc:datafield>
      <marc:datafield tag="500" ind1=" " ind2=" ">
         <marc:subfield code="a">https://catalog.ldc.upenn.edu/LDC2017S10</marc:subfield>
      </marc:datafield>
      <marc:datafield tag="520" ind1=" " ind2=" ">
         <marc:subfield code="a">*Introduction* CHiME2 WSJ0 was developed as part of The 2nd CHiME Speech Separation and Recognition Challenge and contains approximately 166 hours of English speech from a noisy living room environment. The CHiME Challenges focus on distant-microphone automatic speech recognition (ASR) in real-world environments. CHiME2 WSJ0 reflects the medium vocabulary track of the CHiME2 Challenge. The target utterances were taken from CSR-I (WSJ0) Complete (LDC93S6A), specifically, the 5,000 word subset of read speech from Wall Street Journal news text. LDC also released CHiME2 Grid (LDC2017S07) and CHiME3 (LDC2017S24). *Data* Data is divided into training, development and test sets. All data is provided as 16 bit WAV files sampled at 16 kHz. The noisy utterances are in isolated form and in embedded form. The latter involves five seconds of background noise before and after the utterance. Seven hours of noise background not part of the training set are also included. Also included are baseline scoring, decoding and retraining tools based on Cambridge University' s tool, HTK (the Hidden Markov Toolkit) and related recipes. These tools include three baseline speaker-independent recognition systems trained on clean, reverberated and noisy data, respectively, and a number of scripts. *Samples* Please listen to the following samples: * Embedded * Isolated * Reverberated * Scaled *Updates* None at this time.</marc:subfield>
      </marc:datafield>
      <marc:datafield tag="546" ind1=" " ind2=" ">
         <marc:subfield code="a">English</marc:subfield>
      </marc:datafield>
      <marc:datafield tag="655" ind1="7" ind2=" ">
         <marc:subfield code="a">Sound</marc:subfield>
         <marc:subfield code="2">DCMI Type</marc:subfield>
      </marc:datafield>
      <marc:datafield tag="700" ind1="1" ind2="0">
         <marc:subfield code="a">Vincent, Emmanuel</marc:subfield>
      </marc:datafield>
      <marc:datafield tag="700" ind1="1" ind2="0">
         <marc:subfield code="a">Barker, Jon</marc:subfield>
      </marc:datafield>
      <marc:datafield tag="700" ind1="1" ind2="0">
         <marc:subfield code="a">Watanabe, Shinji</marc:subfield>
      </marc:datafield>
      <marc:datafield tag="700" ind1="1" ind2="0">
         <marc:subfield code="a">Le Roux, Jonathan</marc:subfield>
      </marc:datafield>
      <marc:datafield tag="700" ind1="1" ind2="0">
         <marc:subfield code="a">Nesta, Francesco</marc:subfield>
      </marc:datafield>
      <marc:datafield tag="700" ind1="1" ind2="0">
         <marc:subfield code="a">Matassoni, Marco</marc:subfield>
      </marc:datafield>
   </marc:record>