
   <marc:record>
      <marc:leader>     nmm a22     3i 4500</marc:leader>
      <marc:controlfield tag="006">m     o  u        </marc:controlfield>
      <marc:controlfield tag="007">cu ||||||u||||</marc:controlfield>
      <marc:controlfield tag="008">      s2017    pau        u        mul d</marc:controlfield>
      <marc:datafield tag="020" ind1=" " ind2=" ">
         <marc:subfield code="a">1585638021</marc:subfield>
      </marc:datafield>
      <marc:datafield tag="024" ind1="8" ind2=" ">
         <marc:subfield code="a">LDC2017T10</marc:subfield>
      </marc:datafield>
      <marc:datafield tag="024" ind1="8" ind2=" ">
         <marc:subfield code="a">ISLRN: 335-339-972-504-9</marc:subfield>
      </marc:datafield>
      <marc:datafield tag="042" ind1=" " ind2=" ">
         <marc:subfield code="a">dc</marc:subfield>
      </marc:datafield>
      <marc:datafield tag="245" ind1="0" ind2="0">
         <marc:subfield code="a">Abstract Meaning Representation (AMR) Annotation Release 2.0</marc:subfield>
      </marc:datafield>
      <marc:datafield tag="264" ind1=" " ind2=" ">
         <marc:subfield code="a">[Philadelphia, Pennsylvania]: </marc:subfield>
         <marc:subfield code="b">Linguistic Data Consortium, </marc:subfield>
         <marc:subfield code="c">[2017]</marc:subfield>
      </marc:datafield>
      <marc:datafield tag="500" ind1=" " ind2=" ">
         <marc:subfield code="a">LDC2017T10</marc:subfield>
      </marc:datafield>
      <marc:datafield tag="500" ind1=" " ind2=" ">
         <marc:subfield code="a">https://catalog.ldc.upenn.edu/LDC2017T10</marc:subfield>
      </marc:datafield>
      <marc:datafield tag="520" ind1=" " ind2=" ">
         <marc:subfield code="a">*Introduction* Abstract Meaning Representation (AMR) Annotation Release 2.0 was developed by the Linguistic Data Consortium (LDC), SDL/Language Weaver, Inc., the University of Colorado's Computational Language and Educational Research group and the Information Sciences Institute at the University of Southern California. It contains a sembank (semantic treebank) of over 39,260 English natural language sentences from broadcast conversations, newswire, weblogs and web discussion forums. AMR captures who is doing what to whom in a sentence. Each sentence is paired with a graph that represents its whole-sentence meaning in a tree-structure. AMR utilizes PropBank frames, non-core semantic roles, within-sentence coreference, named entity annotation, modality, negation, questions, quantities, and so on to represent the semantic structure of a sentence largely independent of its syntax. LDC also released Abstract Meaning Representation (AMR) Annotation Release 1.0 (LDC2014T12). *Data* The source data includes discussion forums collected for the DARPA BOLT and DEFT programs, transcripts and English translations of Mandarin Chinese broadcast news programming from China Central TV, Wall Street Journal text, translated Xinhua news texts, various newswire data from NIST OpenMT evaluations and weblog data used in the DARPA GALE program. The following table summarizes the number of training, dev, and test AMRs for each dataset in the release. Totals are also provided by partition and dataset: Dataset Training Dev Test Totals BOLT DF MT 1061 133 133 1327 Broadcast conversation 214 0 0 214 Weblog and WSJ 0 100 100 200 BOLT DF English 6455 210 229 6894 DEFT DF English 19558 0 0 19558 Guidelines AMRs 819 0 0 819 2009 Open MT 204 0 0 204 Proxy reports 6603 826 823 8252 Weblog 866 0 0 866 Xinhua MT 741 99 86 926 Totals 36521 1368 1371 39260 For those interested in utilizing a standard/community partition for AMR research (for instance in development of semantic parsers), data in the "split" directory contains 39,260 AMRs split roughly 93%/3.5%/3.5% into training/dev/test partitions, with most smaller datasets assigned to one of the splits as a whole. Note that splits observe document boundaries. The "unsplit" directory contains the same 39,260 AMRs with no train/dev/test partition. *Samples* Please view this sample. *Updates* None at this time. *Acknowledgements* From University of Colorado We gratefully acknowledge the support of the National Science Foundation Grant NSF: 0910992 IIS:RI: Large: Collaborative Research: Richer Representations for Machine Translation and the support of Darpa BOLT - HR0011-11-C-0145 and DEFT - FA-8750-13-2-0045 via a subcontract from LDC. Any opinions, findings, and conclusions or recommendations expressed in this material are those of the authors and do not necessarily reflect the views of the National Science Foundation, DARPA or the US government. From Information Sciences Institute (ISI) Thanks to NSF (IIS-0908532) for funding the initial design of AMR, and to DARPA MRP (FA-8750-09-C-0179) for supporting a group to construct consensus annotations and the AMR Editor. The initial AMR bank was built under DARPA DEFT FA-8750-13-2-0045 (PI: Stephanie Strassel; co-PIs: Kevin Knight, Daniel Marcu, and Martha Palmer) and DARPA BOLT HR0011-12-C-0014 (PI: Kevin Knight). From Linguistic Data Consortium (LDC) This material is based on research sponsored by Air Force Research Laboratory and Defense Advance Research Projects Agency under agreement number FA8750-13-2-0045. The U.S. Government is authorized to reproduce and distribute reprints for Governmental purposes notwithstanding any copyright notation thereon. The views and conclusions contained herein are those of the authors and should not be interpreted as necessarily representing the official policies or endorsements, either expressed or implied, of Air Force Research Laboratory and Defense Advanced Research Projects Agency or the U.S. Government. We gratefully acknowledge the support of Defense Advanced Research Projects Agency (DARPA) Machine Reading Program under Air Force Research Laboratory (AFRL) prime contract no. FA8750-09-C-0184 Subcontract 4400165821. Any opinions, findings, and conclusion or recommendations expressed in this material are those of the author(s) and do not necessarily reflect the view of the DARPA, AFRL, or the US government. From Language Weaver (SDL) This work was partially sponsored by DARPA contract HR0011-11-C-0150 to LanguageWeaver Inc. Any opinions, findings, and conclusion or recommendations expressed in this material are those of the author(s) and do not necessarily reflect the view of the DARPA or the US government.</marc:subfield>
      </marc:datafield>
      <marc:datafield tag="546" ind1=" " ind2=" ">
         <marc:subfield code="a">English</marc:subfield>
      </marc:datafield>
      <marc:datafield tag="655" ind1="7" ind2=" ">
         <marc:subfield code="a">Text</marc:subfield>
         <marc:subfield code="2">DCMI Type</marc:subfield>
      </marc:datafield>
      <marc:datafield tag="700" ind1="1" ind2="0">
         <marc:subfield code="a">Knight, Kevin</marc:subfield>
      </marc:datafield>
      <marc:datafield tag="700" ind1="1" ind2="0">
         <marc:subfield code="a">Badarau, Bianca</marc:subfield>
      </marc:datafield>
      <marc:datafield tag="700" ind1="1" ind2="0">
         <marc:subfield code="a">Baranescu, Laura</marc:subfield>
      </marc:datafield>
      <marc:datafield tag="700" ind1="1" ind2="0">
         <marc:subfield code="a">Bonial, Claire</marc:subfield>
      </marc:datafield>
      <marc:datafield tag="700" ind1="1" ind2="0">
         <marc:subfield code="a">Bardocz, Madalina</marc:subfield>
      </marc:datafield>
      <marc:datafield tag="700" ind1="1" ind2="0">
         <marc:subfield code="a">Griffitt, Kira</marc:subfield>
      </marc:datafield>
      <marc:datafield tag="700" ind1="1" ind2="0">
         <marc:subfield code="a">Hermjakob, Ulf</marc:subfield>
      </marc:datafield>
      <marc:datafield tag="700" ind1="1" ind2="0">
         <marc:subfield code="a">Marcu, Daniel</marc:subfield>
      </marc:datafield>
      <marc:datafield tag="700" ind1="1" ind2="0">
         <marc:subfield code="a">Palmer, Martha</marc:subfield>
      </marc:datafield>
      <marc:datafield tag="700" ind1="1" ind2="0">
         <marc:subfield code="a">O'Gorman, Tim</marc:subfield>
      </marc:datafield>
      <marc:datafield tag="700" ind1="1" ind2="0">
         <marc:subfield code="a">Schneider, Nathan</marc:subfield>
      </marc:datafield>
   </marc:record>