
   <marc:record>
      <marc:leader>     nmm a22     3i 4500</marc:leader>
      <marc:controlfield tag="006">m     o  u        </marc:controlfield>
      <marc:controlfield tag="007">cu ||||||u||||</marc:controlfield>
      <marc:controlfield tag="008">      s2017    pau        u        mul d</marc:controlfield>
      <marc:datafield tag="020" ind1=" " ind2=" ">
         <marc:subfield code="a">1585638056</marc:subfield>
      </marc:datafield>
      <marc:datafield tag="024" ind1="8" ind2=" ">
         <marc:subfield code="a">LDC2017S11</marc:subfield>
      </marc:datafield>
      <marc:datafield tag="024" ind1="8" ind2=" ">
         <marc:subfield code="a">ISLRN: 217-906-813-531-9</marc:subfield>
      </marc:datafield>
      <marc:datafield tag="042" ind1=" " ind2=" ">
         <marc:subfield code="a">dc</marc:subfield>
      </marc:datafield>
      <marc:datafield tag="245" ind1="0" ind2="0">
         <marc:subfield code="a">Metalogue Multi-Issue Bargaining Dialogue</marc:subfield>
      </marc:datafield>
      <marc:datafield tag="264" ind1=" " ind2=" ">
         <marc:subfield code="a">[Philadelphia, Pennsylvania]: </marc:subfield>
         <marc:subfield code="b">Linguistic Data Consortium, </marc:subfield>
         <marc:subfield code="c">[2017]</marc:subfield>
      </marc:datafield>
      <marc:datafield tag="500" ind1=" " ind2=" ">
         <marc:subfield code="a">LDC2017S11</marc:subfield>
      </marc:datafield>
      <marc:datafield tag="500" ind1=" " ind2=" ">
         <marc:subfield code="a">https://catalog.ldc.upenn.edu/LDC2017S11</marc:subfield>
      </marc:datafield>
      <marc:datafield tag="520" ind1=" " ind2=" ">
         <marc:subfield code="a">*Introduction* Metalogue Multi-Issue Bargaining Dialogue was developed by the Metalogue Consortium under the European Community's Seventh Framework Programme for Research and Technological Development. This release consists of approximately 2.5 hours of semantically annotated English dialogue data that includes speech and transcripts. The goal of the Metalogue project was to develop a dialogue system with flexible dialogue management to enable the system's behavior in setting goals, choosing strategies and monitoring various processes. Participants were involved in a multi-issue bargaining scenario in which a representative of a city council and a representative of small business owners negotiated the implementation of new anti-smoking regulations. The negotiation involved four issues, each with four or five options. Participants received a preference profile for each scenario and negotiated for an agreement with the highest value based on their preference information. Negotiators were not allowed to accept an agreement with a negative value or to share their preference profiles with other participants. *Data* Six unique subjects (undergraduates between 19 and 25 years of age) participated in the collection. The dialogue speech was captured with two headset microphones and saved in 16kHz, 16-bit mono linear PCM FLAC format. Speech signal files are of two types: full dialogue session; and segmented speech signal, cut per speaker and roughly per turn. Transcripts were produced semi-automatically, using an automatic speech recognizer followed by manual correction. Seven types of annotation were performed manually using the Anvil tool: dialogue act annotations; discourse structure acts; contact management acts; task management dialogue acts; negotiation moves; rhetorical relations; and disfluencies in speech production. More information about the annotation process is included in the documentation. All text is presented in UTF-8 as either plain text or XML. *Samples* Please view the following samples: * Audio 1 * Transcript 1 * Audio 2 * Transcript 2 *Updates* None at this time.</marc:subfield>
      </marc:datafield>
      <marc:datafield tag="546" ind1=" " ind2=" ">
         <marc:subfield code="a">English</marc:subfield>
      </marc:datafield>
      <marc:datafield tag="655" ind1="7" ind2=" ">
         <marc:subfield code="a">Sound</marc:subfield>
         <marc:subfield code="2">DCMI Type</marc:subfield>
      </marc:datafield>
      <marc:datafield tag="655" ind1="7" ind2=" ">
         <marc:subfield code="a">Text</marc:subfield>
         <marc:subfield code="2">DCMI Type</marc:subfield>
      </marc:datafield>
      <marc:datafield tag="700" ind1="1" ind2="0">
         <marc:subfield code="a">Petukhova, Volha</marc:subfield>
      </marc:datafield>
      <marc:datafield tag="700" ind1="1" ind2="0">
         <marc:subfield code="a">Malchanau, Andrei</marc:subfield>
      </marc:datafield>
      <marc:datafield tag="700" ind1="1" ind2="0">
         <marc:subfield code="a">Oualil, Youssef</marc:subfield>
      </marc:datafield>
      <marc:datafield tag="700" ind1="1" ind2="0">
         <marc:subfield code="a">Klakow, Dietrich</marc:subfield>
      </marc:datafield>
      <marc:datafield tag="700" ind1="1" ind2="0">
         <marc:subfield code="a">Stevens, Christopher</marc:subfield>
      </marc:datafield>
      <marc:datafield tag="700" ind1="1" ind2="0">
         <marc:subfield code="a">de Weerd, Harmen</marc:subfield>
      </marc:datafield>
      <marc:datafield tag="700" ind1="1" ind2="0">
         <marc:subfield code="a">Taatgen, Niels</marc:subfield>
      </marc:datafield>
   </marc:record>