
   <marc:record>
      <marc:leader>     nmm a22     3i 4500</marc:leader>
      <marc:controlfield tag="006">m     o  u        </marc:controlfield>
      <marc:controlfield tag="007">cu ||||||u||||</marc:controlfield>
      <marc:controlfield tag="008">      s2017    pau        u        mul d</marc:controlfield>
      <marc:datafield tag="020" ind1=" " ind2=" ">
         <marc:subfield code="a">1585638188</marc:subfield>
      </marc:datafield>
      <marc:datafield tag="024" ind1="8" ind2=" ">
         <marc:subfield code="a">LDC2017T15</marc:subfield>
      </marc:datafield>
      <marc:datafield tag="024" ind1="8" ind2=" ">
         <marc:subfield code="a">ISLRN: 385-163-116-259-0</marc:subfield>
      </marc:datafield>
      <marc:datafield tag="042" ind1=" " ind2=" ">
         <marc:subfield code="a">dc</marc:subfield>
      </marc:datafield>
      <marc:datafield tag="245" ind1="0" ind2="0">
         <marc:subfield code="a">English Web Treebank Propbank</marc:subfield>
      </marc:datafield>
      <marc:datafield tag="264" ind1=" " ind2=" ">
         <marc:subfield code="a">[Philadelphia, Pennsylvania]: </marc:subfield>
         <marc:subfield code="b">Linguistic Data Consortium, </marc:subfield>
         <marc:subfield code="c">[2017]</marc:subfield>
      </marc:datafield>
      <marc:datafield tag="500" ind1=" " ind2=" ">
         <marc:subfield code="a">LDC2017T15</marc:subfield>
      </marc:datafield>
      <marc:datafield tag="500" ind1=" " ind2=" ">
         <marc:subfield code="a">https://catalog.ldc.upenn.edu/LDC2017T15</marc:subfield>
      </marc:datafield>
      <marc:datafield tag="520" ind1=" " ind2=" ">
         <marc:subfield code="a">*Introduction* English Web Treebank Propbank, LDC Catalog Number LDC2017T15 and ISBN 1-58563-818-8, was developed by the University of Colorado Boulder - CLEAR (Computational Language and Education Research) and provides predicate-argument structure annotation for English Web Treebank (LDC2012T13). The goal of Propbank (or proposition bank) annotation is to develop annotations with information about basic semantic propositions. English Web Treebank Propbank provides semantic role annotation and predicate sense disambiguation for roughly 50,000 predicates, corresponding to all verbs, all adjectives in equational clauses and all nouns considered to be predicative. Mark-up is in the "unified" propbank annotation format, which combines representations in nouns, verbs and adjectives. *Data* The source data consists of weblogs, newsgroups, email, reviews and questions-answers. Human annotators followed the guidelines included with this release. Annotated propositions were automatically validated to ensure that (1) pointers to the tree nodes were valid, (2) Propbank labels were valid, and (3) Propbank annotation was consistent with the associated frameset. Additionally, XML frame files were validated against the included dtd and were checked for frame internal consistency (e.g. misspelling, extraneous characters, general correctness). Data is presented in UTF-8 XML files. *Samples* Please view the following samples. * Source * Prop * Frame *Updates* None at this time.</marc:subfield>
      </marc:datafield>
      <marc:datafield tag="546" ind1=" " ind2=" ">
         <marc:subfield code="a">English</marc:subfield>
      </marc:datafield>
      <marc:datafield tag="655" ind1="7" ind2=" ">
         <marc:subfield code="a">Text</marc:subfield>
         <marc:subfield code="2">DCMI Type</marc:subfield>
      </marc:datafield>
      <marc:datafield tag="700" ind1="1" ind2="0">
         <marc:subfield code="a">O'Gorman, Tim</marc:subfield>
      </marc:datafield>
      <marc:datafield tag="700" ind1="1" ind2="0">
         <marc:subfield code="a">Conger, Katherine</marc:subfield>
      </marc:datafield>
      <marc:datafield tag="700" ind1="1" ind2="0">
         <marc:subfield code="a">Palmer, Martha</marc:subfield>
      </marc:datafield>
   </marc:record>