
   <marc:record>
      <marc:leader>     nmm a22     3i 4500</marc:leader>
      <marc:controlfield tag="006">m     o  u        </marc:controlfield>
      <marc:controlfield tag="007">cu ||||||u||||</marc:controlfield>
      <marc:controlfield tag="008">      s2017    pau        u        mul d</marc:controlfield>
      <marc:datafield tag="024" ind1="8" ind2=" ">
         <marc:subfield code="a">LDC2017S21</marc:subfield>
      </marc:datafield>
      <marc:datafield tag="024" ind1="8" ind2=" ">
         <marc:subfield code="a">ISLRN: 025-809-032-700-5</marc:subfield>
      </marc:datafield>
      <marc:datafield tag="042" ind1=" " ind2=" ">
         <marc:subfield code="a">dc</marc:subfield>
      </marc:datafield>
      <marc:datafield tag="245" ind1="0" ind2="0">
         <marc:subfield code="a">ASpIRE Development and Development Test Sets</marc:subfield>
      </marc:datafield>
      <marc:datafield tag="264" ind1=" " ind2=" ">
         <marc:subfield code="a">[Philadelphia, Pennsylvania]: </marc:subfield>
         <marc:subfield code="b">Linguistic Data Consortium, </marc:subfield>
         <marc:subfield code="c">[2017]</marc:subfield>
      </marc:datafield>
      <marc:datafield tag="500" ind1=" " ind2=" ">
         <marc:subfield code="a">LDC2017S21</marc:subfield>
      </marc:datafield>
      <marc:datafield tag="500" ind1=" " ind2=" ">
         <marc:subfield code="a">https://catalog.ldc.upenn.edu/LDC2017S21</marc:subfield>
      </marc:datafield>
      <marc:datafield tag="520" ind1=" " ind2=" ">
         <marc:subfield code="a">*Introduction* ASpIRE Development and Development Test Sets was developed for the Automatic Speech recognition In Reverberant Environments (ASpIRE) Challenge sponsored by IARPA (the Intelligent Advanced Research Projects Activity). It contains approximately 226 hours of English speech with transcripts and scoring files. The ASpIRE challenge asked solvers to develop innovative speech recognition systems that could be trained on conversational telephone speech, and yet work well on far-field microphone data from noisy, reverberant rooms. Participants had the opportunity to evaluate their techniques on a common set of challenging data that included significant room noise and reverberation. *Data* The audio data is a subset of Mixer 6 Speech (LDC2013S03), audio recordings of interviews, transcript readings and conversational telephone speech collected by the Linguistic Data Consortium in 2009 and 2010 from native English speakers local to the Philadelphia area. The transcripts were developed by Appen for the ASpIRE challenge. Data is divided into development and development test sets. Audio is presented as single channel, 16kHz 16-bit Signed Integer PCM *.wav files. Transcripts are plain text tdf files. Scoring files are also included. *Samples* Please view this audio sample and transcript sample. *Updates* None at this time.</marc:subfield>
      </marc:datafield>
      <marc:datafield tag="546" ind1=" " ind2=" ">
         <marc:subfield code="a">English</marc:subfield>
      </marc:datafield>
      <marc:datafield tag="655" ind1="7" ind2=" ">
         <marc:subfield code="a">Sound</marc:subfield>
         <marc:subfield code="2">DCMI Type</marc:subfield>
      </marc:datafield>
      <marc:datafield tag="655" ind1="7" ind2=" ">
         <marc:subfield code="a">Text</marc:subfield>
         <marc:subfield code="2">DCMI Type</marc:subfield>
      </marc:datafield>
      <marc:datafield tag="700" ind1="1" ind2="0">
         <marc:subfield code="a">Linguistic Data Consortium</marc:subfield>
      </marc:datafield>
      <marc:datafield tag="700" ind1="1" ind2="0">
         <marc:subfield code="a">Appen Pty Ltd</marc:subfield>
      </marc:datafield>
   </marc:record>