
   <marc:record>
      <marc:leader>     nmm a22     3i 4500</marc:leader>
      <marc:controlfield tag="006">m     o  u        </marc:controlfield>
      <marc:controlfield tag="007">cu ||||||u||||</marc:controlfield>
      <marc:controlfield tag="008">      s2018    pau        u        mul d</marc:controlfield>
      <marc:datafield tag="020" ind1=" " ind2=" ">
         <marc:subfield code="a">1585638277</marc:subfield>
      </marc:datafield>
      <marc:datafield tag="024" ind1="8" ind2=" ">
         <marc:subfield code="a">LDC2018T06</marc:subfield>
      </marc:datafield>
      <marc:datafield tag="024" ind1="8" ind2=" ">
         <marc:subfield code="a">ISLRN: 769-620-932-723-2</marc:subfield>
      </marc:datafield>
      <marc:datafield tag="042" ind1=" " ind2=" ">
         <marc:subfield code="a">dc</marc:subfield>
      </marc:datafield>
      <marc:datafield tag="245" ind1="0" ind2="0">
         <marc:subfield code="a">2007 CoNLL Shared Task - Basque, Catalan, Czech &amp; Turkish</marc:subfield>
      </marc:datafield>
      <marc:datafield tag="264" ind1=" " ind2=" ">
         <marc:subfield code="a">[Philadelphia, Pennsylvania]: </marc:subfield>
         <marc:subfield code="b">Linguistic Data Consortium, </marc:subfield>
         <marc:subfield code="c">[2018]</marc:subfield>
      </marc:datafield>
      <marc:datafield tag="500" ind1=" " ind2=" ">
         <marc:subfield code="a">LDC2018T06</marc:subfield>
      </marc:datafield>
      <marc:datafield tag="500" ind1=" " ind2=" ">
         <marc:subfield code="a">https://catalog.ldc.upenn.edu/LDC2018T06</marc:subfield>
      </marc:datafield>
      <marc:datafield tag="520" ind1=" " ind2=" ">
         <marc:subfield code="a">*Introduction* 2007 CoNLL Shared Task - Basque, Catalan, Czech &amp; Turkish consists of dependency treebanks in four languages used as part of the CoNLL 2007 shared task on multi-lingual dependency parsing and domain adaptation. The languages covered in this release are: Basque, Catalan, Czech and Turkish. LDC also released the following 2006 &amp; 2007 CoNLL Shared Task corpora: * 2007 CoNLL Shared Task - Greek, Hungarian &amp; Italian (LDC2018T07) * 2007 CoNLL Shared Task - Arabic &amp; English (LDC2018T08) * 2006 CoNLL Shared Task - Ten Languages (LDC2015T11) * 2006 CoNLL Shared Task - 2006 CoNLL Shared Task - Arabic &amp; Czech (LDC2015T12) This corpus is cross listed and jointly released with ELRA as ELRA-W0121. The Conference on Computational Natural Language Learning (CoNLL) is accompanied every year by a shared task intended to promote natural language processing applications and evaluate them in a standard setting. In 2006 and 2007, the shared tasks were devoted to the parsing of syntactic dependencies using corpora from up to thirteen languages. The task aimed to define and extend the then-current state of the art in dependency parsing, a technology that complemented previous tasks by producing a different kind of syntactic description of input text. The 2007 shared task added a domain adaptation track for English in addition to the multilingual track. More information about the 2007 shared task is available at the CoNLL Previous Tasks web site. LDC has released data sets from other CoNLL shared tasks. 2008 CoNLL Shared Task Data (LDC2009T12) contains the English material used in the 2008 shared task which focused on English, employed a unified dependency-based formalism and merged the tasks of syntactic dependency parsing, identifying semantic arguments and labeling them with semantic roles. 2009 CoNLL Shared Task Data Parts 1 and 2 (LDC2012T03 and LDC2012T04) consists of the English, Catalan, Chinese, Czech, German and Spanish resources used in the 2009 task which included a comparison of time and space complexity based on participants' input and learning curve comparison for languages with large datasets. 2015-2016 CoNLL Shared Task (LDC2017T13) contains Chinese and English resources used in the 2015 and 2016 shared tasks on dependency parsing. *Data* The source data in the treebanks in this release consists principally of various texts (e.g., textbooks, news, literature) annotated in dependency format. In general, dependency grammar is based on the idea that the verb is the center of the clause structure and that other units in the sentence are connected to the verb as directed links or dependencies. This is a one-to-one correspondence: for every element in the sentence there is one node in the sentence structure that corresponds to that element. In constituency or phrase structure grammars, on the other hand, clauses are divided into noun phrases and verb phrases and in each sentence, one or more nodes may correspond to one element. The Penn Treebank (LDC99T42) is an example of a constituency or phrase structure approach. All of the data sets in this release are dependency treebanks. The individual data sets are: * The 3LB Treebank (Basque) * CESS-Cat Dependency Treebank (Catalan) * Prague Dependency Treebank 2.0 (Czech) * METU-Sabanci Turkish Treebank (Turkish) *Samples* Please view these sampls: * Basque * Catalan * Czech * Turkish *Updates* None at this time.</marc:subfield>
      </marc:datafield>
      <marc:datafield tag="546" ind1=" " ind2=" ">
         <marc:subfield code="a">Basque</marc:subfield>
      </marc:datafield>
      <marc:datafield tag="546" ind1=" " ind2=" ">
         <marc:subfield code="a">Catalan</marc:subfield>
      </marc:datafield>
      <marc:datafield tag="546" ind1=" " ind2=" ">
         <marc:subfield code="a">Czech</marc:subfield>
      </marc:datafield>
      <marc:datafield tag="546" ind1=" " ind2=" ">
         <marc:subfield code="a">Turkish</marc:subfield>
      </marc:datafield>
      <marc:datafield tag="655" ind1="7" ind2=" ">
         <marc:subfield code="a">Text</marc:subfield>
         <marc:subfield code="2">DCMI Type</marc:subfield>
      </marc:datafield>
      <marc:datafield tag="700" ind1="1" ind2="0">
         <marc:subfield code="a">University of the Basque Country</marc:subfield>
      </marc:datafield>
      <marc:datafield tag="700" ind1="1" ind2="0">
         <marc:subfield code="a">Technical University of Catalunya</marc:subfield>
      </marc:datafield>
      <marc:datafield tag="700" ind1="1" ind2="0">
         <marc:subfield code="a">Charles University</marc:subfield>
      </marc:datafield>
      <marc:datafield tag="700" ind1="1" ind2="0">
         <marc:subfield code="a">Middle East Technical University</marc:subfield>
      </marc:datafield>
      <marc:datafield tag="700" ind1="1" ind2="0">
         <marc:subfield code="a">Sabanci University</marc:subfield>
      </marc:datafield>
   </marc:record>