
   <marc:record>
      <marc:leader>     nmm a22     3i 4500</marc:leader>
      <marc:controlfield tag="006">m     o  u        </marc:controlfield>
      <marc:controlfield tag="007">cu ||||||u||||</marc:controlfield>
      <marc:controlfield tag="008">      s2018    pau        u        mul d</marc:controlfield>
      <marc:datafield tag="020" ind1=" " ind2=" ">
         <marc:subfield code="a">1585638307</marc:subfield>
      </marc:datafield>
      <marc:datafield tag="024" ind1="8" ind2=" ">
         <marc:subfield code="a">LDC2018T02</marc:subfield>
      </marc:datafield>
      <marc:datafield tag="024" ind1="8" ind2=" ">
         <marc:subfield code="a">ISLRN: 713-266-631-883-0</marc:subfield>
      </marc:datafield>
      <marc:datafield tag="042" ind1=" " ind2=" ">
         <marc:subfield code="a">dc</marc:subfield>
      </marc:datafield>
      <marc:datafield tag="245" ind1="0" ind2="0">
         <marc:subfield code="a">TRAD Chinese-French Parallel Text -- Blog</marc:subfield>
      </marc:datafield>
      <marc:datafield tag="264" ind1=" " ind2=" ">
         <marc:subfield code="a">[Philadelphia, Pennsylvania]: </marc:subfield>
         <marc:subfield code="b">Linguistic Data Consortium, </marc:subfield>
         <marc:subfield code="c">[2018]</marc:subfield>
      </marc:datafield>
      <marc:datafield tag="500" ind1=" " ind2=" ">
         <marc:subfield code="a">LDC2018T02</marc:subfield>
      </marc:datafield>
      <marc:datafield tag="500" ind1=" " ind2=" ">
         <marc:subfield code="a">https://catalog.ldc.upenn.edu/LDC2018T02</marc:subfield>
      </marc:datafield>
      <marc:datafield tag="520" ind1=" " ind2=" ">
         <marc:subfield code="a">*Introduction* TRAD Chinese-French Parallel Text -- Blog was developed by ELDA as part of the PEA-TRAD project. It contains French translations of a subset of approximately 10,000 Chinese words from GALE Phase 1 Chinese Blog Parallel Text (LDC2008T06). The PEA-TRAD project (Translation as a Support for Document Analysis) was supported by the French Ministry of Defense (DGA). Its purpose was to develop speech-to-speech translation technology for multiple languages (e.g., Arabic, Chinese, Pashto) from a variety of domains. ELDA developed several corpora for this effort. LDC has also released TRAD Arabic-French Parallel Text -- Newsgroup (LDC2018T13). *Data* This release consists of 444 segments (translations units) from 17 documents. The source data is Chinese blog text collected and translated into English by LDC for the DARPA GALE (Global Autonomous Language Exploitation) program. Information about the ELDA translation team, translation guidelines and validation results is contained in the documentation accompanying this release. The Chinese source file contains 15,809 characters and the French reference translation contains 11,769 words. The data is presented in two unicode-encoded XML files along with an associated DTD. *Samples* Please view this source sample and reference sample. *Updates* None at this time.</marc:subfield>
      </marc:datafield>
      <marc:datafield tag="546" ind1=" " ind2=" ">
         <marc:subfield code="a">Mandarin Chinese</marc:subfield>
      </marc:datafield>
      <marc:datafield tag="546" ind1=" " ind2=" ">
         <marc:subfield code="a">French</marc:subfield>
      </marc:datafield>
      <marc:datafield tag="655" ind1="7" ind2=" ">
         <marc:subfield code="a">Text</marc:subfield>
         <marc:subfield code="2">DCMI Type</marc:subfield>
      </marc:datafield>
      <marc:datafield tag="700" ind1="1" ind2="0">
         <marc:subfield code="a">Linguistic Data Consortium</marc:subfield>
      </marc:datafield>
      <marc:datafield tag="700" ind1="1" ind2="0">
         <marc:subfield code="a">ELDA</marc:subfield>
      </marc:datafield>
   </marc:record>