
   <marc:record>
      <marc:leader>     nmm a22     3i 4500</marc:leader>
      <marc:controlfield tag="006">m     o  u        </marc:controlfield>
      <marc:controlfield tag="007">cu ||||||u||||</marc:controlfield>
      <marc:controlfield tag="008">      s2018    pau        u        mul d</marc:controlfield>
      <marc:datafield tag="020" ind1=" " ind2=" ">
         <marc:subfield code="a">1585638404</marc:subfield>
      </marc:datafield>
      <marc:datafield tag="024" ind1="8" ind2=" ">
         <marc:subfield code="a">LDC2018T12</marc:subfield>
      </marc:datafield>
      <marc:datafield tag="024" ind1="8" ind2=" ">
         <marc:subfield code="a">ISLRN: 504-151-596-424-6</marc:subfield>
      </marc:datafield>
      <marc:datafield tag="042" ind1=" " ind2=" ">
         <marc:subfield code="a">dc</marc:subfield>
      </marc:datafield>
      <marc:datafield tag="245" ind1="0" ind2="0">
         <marc:subfield code="a">Concretely Annotated New York Times</marc:subfield>
      </marc:datafield>
      <marc:datafield tag="264" ind1=" " ind2=" ">
         <marc:subfield code="a">[Philadelphia, Pennsylvania]: </marc:subfield>
         <marc:subfield code="b">Linguistic Data Consortium, </marc:subfield>
         <marc:subfield code="c">[2018]</marc:subfield>
      </marc:datafield>
      <marc:datafield tag="500" ind1=" " ind2=" ">
         <marc:subfield code="a">LDC2018T12</marc:subfield>
      </marc:datafield>
      <marc:datafield tag="500" ind1=" " ind2=" ">
         <marc:subfield code="a">https://catalog.ldc.upenn.edu/LDC2018T12</marc:subfield>
      </marc:datafield>
      <marc:datafield tag="520" ind1=" " ind2=" ">
         <marc:subfield code="a">*Introduction* Concretely Annotated New York Times was developed by Johns Hopkins University's Human Language Technology Center of Excellence. It adds multiple kinds and instances of automatically-generated syntactic, semantic and coreference annotations to The New York Times Annotated Corpus (LDC2008T19). Concrete is a schema for representing structured, hierarchical and overlapping linguistic annotations. This release provides multiple tool outputs producing the same annotation types as different annotation theories under a shared tokenization. *Data* Concretely Annotated New York Times contains all of the 1.8 million articles in The New York Times Annotated Corpus. Those articles were written and published by the New York Times between January 1, 1987 and June 19, 2007; the 2008 corpus also includes metadata provided by the New York Times Newsroom, the New York Times Indexing Service and the online production staff at nytimes.com. The following layers of annotation were added by processing the articles under the Concrete schema: * Segmented sentences and Penn Treebank-style tokenized words * Treebank-style constituent parse trees * Four different syntactic dependency trees * Named entities * Part of speech tags * Lemmas * In-document entity coreference chains * Three different frame semantic parses See analytics.pdf for the list of tools used to create those annotations. The data is stored in a binary form called Concrete, which is based on Apache Thrift. Concrete can be read and written in many common programming languages, such as Java, Python, Javascript and C++. Concrete also includes a number of utilities to access and view the data in human-readable forms. The original NITF (News Industry Text Format) document structure in The New York Times Annotated Corpus was preserved in this Concrete version. *Samples* Please view this concrete sample. *Reference* Users of this corpus must cite the following paper : Francis Ferraro, Max Thomas, Matthew Gormley, Travis Wolfe, Craig Harman, and Benjamin Van Durme. "Concretely Annotated Corpora." In The Proceedings of the NIPS Workshop on Automated Knowledge Base Construction (AKBC). NIPS Workshop 2014. *Additional Licensing Instructions* Any organization that licensed The New York Times Annotated Corpus (LDC2008T19) may request a copy of Concretely Annotated New York Times (LDC2018T12) for a $250 media fee. Contact ldc@ldc.upenn.edu for licensing.</marc:subfield>
      </marc:datafield>
      <marc:datafield tag="546" ind1=" " ind2=" ">
         <marc:subfield code="a">English</marc:subfield>
      </marc:datafield>
      <marc:datafield tag="655" ind1="7" ind2=" ">
         <marc:subfield code="a">Text</marc:subfield>
         <marc:subfield code="2">DCMI Type</marc:subfield>
      </marc:datafield>
      <marc:datafield tag="700" ind1="1" ind2="0">
         <marc:subfield code="a">Ferraro, Francis</marc:subfield>
      </marc:datafield>
      <marc:datafield tag="700" ind1="1" ind2="0">
         <marc:subfield code="a">Thomas, Max</marc:subfield>
      </marc:datafield>
      <marc:datafield tag="700" ind1="1" ind2="0">
         <marc:subfield code="a">Wolfe, Travis</marc:subfield>
      </marc:datafield>
      <marc:datafield tag="700" ind1="1" ind2="0">
         <marc:subfield code="a">Gormley, Matthew R.</marc:subfield>
      </marc:datafield>
      <marc:datafield tag="700" ind1="1" ind2="0">
         <marc:subfield code="a">Harman, Craig</marc:subfield>
      </marc:datafield>
      <marc:datafield tag="700" ind1="1" ind2="0">
         <marc:subfield code="a">Van Durme, Benjamin</marc:subfield>
      </marc:datafield>
   </marc:record>